%YAML 1.1
%TAG !u! tag:unity3d.com,2011:
--- !u!114 &369593313354077570
MonoBehaviour:
  m_ObjectHideFlags: 0
  m_CorrespondingSourceObject: {fileID: 0}
  m_PrefabInstance: {fileID: 0}
  m_PrefabAsset: {fileID: 0}
  m_GameObject: {fileID: 4262214722403918033}
  m_Enabled: 1
  m_EditorHideFlags: 0
  m_Script: {fileID: 11500000, guid: 578e3772f182bcd4c802a1d0ed92625a, type: 3}
  m_Name: 
  m_EditorClassIdentifier: 
  repeat: 0
  alphaStart: 1
  alphaEnd: 0
  startWaitTime: 0
  activeTime: 0.3
  setRndrAndGoOnStart: 0
  changeGameObjectOnAnimation: 0
  changeRndrsOnAnimation: 0
  colorPropertyName:
  - _Color
  - _FaceColor
  - _Tint
  onStartAlphaStart:
    m_PersistentCalls:
      m_Calls: []
    m_TypeName: Dweiss.EventEmpty, Assembly-CSharp, Version=0.0.0.0, Culture=neutral,
      PublicKeyToken=null
  onReachAlphaEnd:
    m_PersistentCalls:
      m_Calls: []
    m_TypeName: Dweiss.EventEmpty, Assembly-CSharp, Version=0.0.0.0, Culture=neutral,
      PublicKeyToken=null
  onStartAlphaEnd:
    m_PersistentCalls:
      m_Calls: []
    m_TypeName: Dweiss.EventEmpty, Assembly-CSharp, Version=0.0.0.0, Culture=neutral,
      PublicKeyToken=null
  onReachAlphaStart:
    m_PersistentCalls:
      m_Calls: []
    m_TypeName: Dweiss.EventEmpty, Assembly-CSharp, Version=0.0.0.0, Culture=neutral,
      PublicKeyToken=null
--- !u!114 &4319995537137968171
MonoBehaviour:
  m_ObjectHideFlags: 0
  m_CorrespondingSourceObject: {fileID: 0}
  m_PrefabInstance: {fileID: 0}
  m_PrefabAsset: {fileID: 0}
  m_GameObject: {fileID: 4262214722403918033}
  m_Enabled: 1
  m_EditorHideFlags: 0
  m_Script: {fileID: 11500000, guid: 452c025ffc58f234884b7a5385b2d4d1, type: 3}
  m_Name: 
  m_EditorClassIdentifier: 
  runOnEnableWithDelay: 17.5
  afterDelay:
    m_PersistentCalls:
      m_Calls:
      - m_Target: {fileID: 369593313354077570}
        m_MethodName: StartAnimation
        m_Mode: 1
        m_Arguments:
          m_ObjectArgument: {fileID: 0}
          m_ObjectArgumentAssemblyTypeName: UnityEngine.Object, UnityEngine
          m_IntArgument: 0
          m_FloatArgument: 0
          m_StringArgument: 
          m_BoolArgument: 0
        m_CallState: 0
      - m_Target: {fileID: 4392321045843604088}
        m_MethodName: SetTrigger
        m_Mode: 5
        m_Arguments:
          m_ObjectArgument: {fileID: 0}
          m_ObjectArgumentAssemblyTypeName: UnityEngine.Object, UnityEngine
          m_IntArgument: 0
          m_FloatArgument: 0
          m_StringArgument: Reverse
          m_BoolArgument: 0
        m_CallState: 2
    m_TypeName: Dweiss.EventEmpty, Assembly-CSharp, Version=0.0.0.0, Culture=neutral,
      PublicKeyToken=null
--- !u!1 &5194463053647809323
GameObject:
  m_ObjectHideFlags: 0
  m_CorrespondingSourceObject: {fileID: 0}
  m_PrefabInstance: {fileID: 0}
  m_PrefabAsset: {fileID: 0}
  serializedVersion: 6
  m_Component:
  - component: {fileID: 6396342315371187142}
  - component: {fileID: 8560853297553698173}
  m_Layer: 0
  m_Name: KidsNewWaterTrivia
  m_TagString: Untagged
  m_Icon: {fileID: 0}
  m_NavMeshLayer: 0
  m_StaticEditorFlags: 0
  m_IsActive: 1
--- !u!4 &6396342315371187142
Transform:
  m_ObjectHideFlags: 0
  m_CorrespondingSourceObject: {fileID: 0}
  m_PrefabInstance: {fileID: 0}
  m_PrefabAsset: {fileID: 0}
  m_GameObject: {fileID: 5194463053647809323}
  m_LocalRotation: {x: -0, y: 1.1641534e-10, z: 1.10730994e-10, w: 1}
  m_LocalPosition: {x: 0, y: 0, z: 0}
  m_LocalScale: {x: 1, y: 1, z: 1}
  m_Children:
  - {fileID: 1321398974569220154}
  - {fileID: 2989476327957359093}
  m_Father: {fileID: 0}
  m_RootOrder: 0
  m_LocalEulerAnglesHint: {x: 0, y: 0, z: 0}
--- !u!114 &8560853297553698173
MonoBehaviour:
  m_ObjectHideFlags: 0
  m_CorrespondingSourceObject: {fileID: 0}
  m_PrefabInstance: {fileID: 0}
  m_PrefabAsset: {fileID: 0}
  m_GameObject: {fileID: 5194463053647809323}
  m_Enabled: 1
  m_EditorHideFlags: 0
  m_Script: {fileID: 11500000, guid: c0a50608476d2694a9e50b8f2a89bfeb, type: 3}
  m_Name: 
  m_EditorClassIdentifier: 
  dontWaitInEditor: 0
  movieEvents: []
  waitForGuiToAppear: 70
  guiStopAt: -1
  guiChild: {fileID: 6338328101001781447}
--- !u!1001 &227629087109074531
PrefabInstance:
  m_ObjectHideFlags: 0
  serializedVersion: 2
  m_Modification:
    m_TransformParent: {fileID: 6396342315371187142}
    m_Modifications:
    - target: {fileID: 6115589921244229284, guid: da0da17efe9213b4eb60d9087f537e14,
        type: 3}
      propertyPath: m_Name
      value: NewTrivia (1)
      objectReference: {fileID: 0}
    - target: {fileID: 6115589921244229284, guid: da0da17efe9213b4eb60d9087f537e14,
        type: 3}
      propertyPath: m_IsActive
      value: 0
      objectReference: {fileID: 0}
    - target: {fileID: 1260513317704517209, guid: da0da17efe9213b4eb60d9087f537e14,
        type: 3}
      propertyPath: m_LocalPosition.x
      value: 0
      objectReference: {fileID: 0}
    - target: {fileID: 1260513317704517209, guid: da0da17efe9213b4eb60d9087f537e14,
        type: 3}
      propertyPath: m_LocalPosition.y
      value: 0
      objectReference: {fileID: 0}
    - target: {fileID: 1260513317704517209, guid: da0da17efe9213b4eb60d9087f537e14,
        type: 3}
      propertyPath: m_LocalPosition.z
      value: 0
      objectReference: {fileID: 0}
    - target: {fileID: 1260513317704517209, guid: da0da17efe9213b4eb60d9087f537e14,
        type: 3}
      propertyPath: m_LocalRotation.x
      value: 0
      objectReference: {fileID: 0}
    - target: {fileID: 1260513317704517209, guid: da0da17efe9213b4eb60d9087f537e14,
        type: 3}
      propertyPath: m_LocalRotation.y
      value: 0
      objectReference: {fileID: 0}
    - target: {fileID: 1260513317704517209, guid: da0da17efe9213b4eb60d9087f537e14,
        type: 3}
      propertyPath: m_LocalRotation.z
      value: 0
      objectReference: {fileID: 0}
    - target: {fileID: 1260513317704517209, guid: da0da17efe9213b4eb60d9087f537e14,
        type: 3}
      propertyPath: m_LocalRotation.w
      value: 1
      objectReference: {fileID: 0}
    - target: {fileID: 1260513317704517209, guid: da0da17efe9213b4eb60d9087f537e14,
        type: 3}
      propertyPath: m_RootOrder
      value: 0
      objectReference: {fileID: 0}
    - target: {fileID: 1260513317704517209, guid: da0da17efe9213b4eb60d9087f537e14,
        type: 3}
      propertyPath: m_LocalEulerAnglesHint.x
      value: 0
      objectReference: {fileID: 0}
    - target: {fileID: 1260513317704517209, guid: da0da17efe9213b4eb60d9087f537e14,
        type: 3}
      propertyPath: m_LocalEulerAnglesHint.y
      value: 0
      objectReference: {fileID: 0}
    - target: {fileID: 1260513317704517209, guid: da0da17efe9213b4eb60d9087f537e14,
        type: 3}
      propertyPath: m_LocalEulerAnglesHint.z
      value: 0
      objectReference: {fileID: 0}
    - target: {fileID: 4635348897009139138, guid: da0da17efe9213b4eb60d9087f537e14,
        type: 3}
      propertyPath: m_havePropertiesChanged
      value: 0
      objectReference: {fileID: 0}
    - target: {fileID: 4635348897009139138, guid: da0da17efe9213b4eb60d9087f537e14,
        type: 3}
      propertyPath: m_isInputParsingRequired
      value: 0
      objectReference: {fileID: 0}
    - target: {fileID: 4635348897009139132, guid: da0da17efe9213b4eb60d9087f537e14,
        type: 3}
      propertyPath: m_Mesh
      value: 
      objectReference: {fileID: 0}
    - target: {fileID: 7863071649665865714, guid: da0da17efe9213b4eb60d9087f537e14,
        type: 3}
      propertyPath: m_havePropertiesChanged
      value: 0
      objectReference: {fileID: 0}
    - target: {fileID: 7863071649665865714, guid: da0da17efe9213b4eb60d9087f537e14,
        type: 3}
      propertyPath: m_isInputParsingRequired
      value: 0
      objectReference: {fileID: 0}
    - target: {fileID: 7863071649665865612, guid: da0da17efe9213b4eb60d9087f537e14,
        type: 3}
      propertyPath: m_Mesh
      value: 
      objectReference: {fileID: 0}
    m_RemovedComponents: []
  m_SourcePrefab: {fileID: 100100000, guid: da0da17efe9213b4eb60d9087f537e14, type: 3}
--- !u!1 &6338328101001781447 stripped
GameObject:
  m_CorrespondingSourceObject: {fileID: 6115589921244229284, guid: da0da17efe9213b4eb60d9087f537e14,
    type: 3}
  m_PrefabInstance: {fileID: 227629087109074531}
  m_PrefabAsset: {fileID: 0}
--- !u!4 &1321398974569220154 stripped
Transform:
  m_CorrespondingSourceObject: {fileID: 1260513317704517209, guid: da0da17efe9213b4eb60d9087f537e14,
    type: 3}
  m_PrefabInstance: {fileID: 227629087109074531}
  m_PrefabAsset: {fileID: 0}
--- !u!1001 &6270584982417232700
PrefabInstance:
  m_ObjectHideFlags: 0
  serializedVersion: 2
  m_Modification:
    m_TransformParent: {fileID: 6396342315371187142}
    m_Modifications:
    - target: {fileID: 7792347090900988909, guid: 21ddb8b44370f24438748fc5bf536795,
        type: 3}
      propertyPath: m_Name
      value: GarbageDoubleScore
      objectReference: {fileID: 0}
    - target: {fileID: 9113411185347574473, guid: 21ddb8b44370f24438748fc5bf536795,
        type: 3}
      propertyPath: m_LocalPosition.x
      value: 0
      objectReference: {fileID: 0}
    - target: {fileID: 9113411185347574473, guid: 21ddb8b44370f24438748fc5bf536795,
        type: 3}
      propertyPath: m_LocalPosition.y
      value: 0
      objectReference: {fileID: 0}
    - target: {fileID: 9113411185347574473, guid: 21ddb8b44370f24438748fc5bf536795,
        type: 3}
      propertyPath: m_LocalPosition.z
      value: 0
      objectReference: {fileID: 0}
    - target: {fileID: 9113411185347574473, guid: 21ddb8b44370f24438748fc5bf536795,
        type: 3}
      propertyPath: m_LocalRotation.x
      value: 0
      objectReference: {fileID: 0}
    - target: {fileID: 9113411185347574473, guid: 21ddb8b44370f24438748fc5bf536795,
        type: 3}
      propertyPath: m_LocalRotation.y
      value: 0
      objectReference: {fileID: 0}
    - target: {fileID: 9113411185347574473, guid: 21ddb8b44370f24438748fc5bf536795,
        type: 3}
      propertyPath: m_LocalRotation.z
      value: 0
      objectReference: {fileID: 0}
    - target: {fileID: 9113411185347574473, guid: 21ddb8b44370f24438748fc5bf536795,
        type: 3}
      propertyPath: m_LocalRotation.w
      value: 1
      objectReference: {fileID: 0}
    - target: {fileID: 9113411185347574473, guid: 21ddb8b44370f24438748fc5bf536795,
        type: 3}
      propertyPath: m_RootOrder
      value: 1
      objectReference: {fileID: 0}
    - target: {fileID: 9113411185347574473, guid: 21ddb8b44370f24438748fc5bf536795,
        type: 3}
      propertyPath: m_LocalEulerAnglesHint.x
      value: 0
      objectReference: {fileID: 0}
    - target: {fileID: 9113411185347574473, guid: 21ddb8b44370f24438748fc5bf536795,
        type: 3}
      propertyPath: m_LocalEulerAnglesHint.y
      value: 0
      objectReference: {fileID: 0}
    - target: {fileID: 9113411185347574473, guid: 21ddb8b44370f24438748fc5bf536795,
        type: 3}
      propertyPath: m_LocalEulerAnglesHint.z
      value: 0
      objectReference: {fileID: 0}
    - target: {fileID: 2633589313787421614, guid: 21ddb8b44370f24438748fc5bf536795,
        type: 3}
      propertyPath: m_Mesh
      value: 
      objectReference: {fileID: 0}
    - target: {fileID: 2633589313787421608, guid: 21ddb8b44370f24438748fc5bf536795,
        type: 3}
      propertyPath: m_havePropertiesChanged
      value: 0
      objectReference: {fileID: 0}
    - target: {fileID: 2633589313787421608, guid: 21ddb8b44370f24438748fc5bf536795,
        type: 3}
      propertyPath: m_isInputParsingRequired
      value: 0
      objectReference: {fileID: 0}
    - target: {fileID: 2633589313907628593, guid: 21ddb8b44370f24438748fc5bf536795,
        type: 3}
      propertyPath: m_Mesh
      value: 
      objectReference: {fileID: 0}
    - target: {fileID: 2633589313907628595, guid: 21ddb8b44370f24438748fc5bf536795,
        type: 3}
      propertyPath: m_havePropertiesChanged
      value: 0
      objectReference: {fileID: 0}
    - target: {fileID: 2633589313907628595, guid: 21ddb8b44370f24438748fc5bf536795,
        type: 3}
      propertyPath: m_isInputParsingRequired
      value: 0
      objectReference: {fileID: 0}
    - target: {fileID: 2633589314563515023, guid: 21ddb8b44370f24438748fc5bf536795,
        type: 3}
      propertyPath: m_Mesh
      value: 
      objectReference: {fileID: 0}
    - target: {fileID: 2633589314563515017, guid: 21ddb8b44370f24438748fc5bf536795,
        type: 3}
      propertyPath: m_havePropertiesChanged
      value: 0
      objectReference: {fileID: 0}
    - target: {fileID: 2633589314563515017, guid: 21ddb8b44370f24438748fc5bf536795,
        type: 3}
      propertyPath: m_isInputParsingRequired
      value: 0
      objectReference: {fileID: 0}
    - target: {fileID: 2633589314835373980, guid: 21ddb8b44370f24438748fc5bf536795,
        type: 3}
      propertyPath: m_havePropertiesChanged
      value: 0
      objectReference: {fileID: 0}
    - target: {fileID: 2633589314835373980, guid: 21ddb8b44370f24438748fc5bf536795,
        type: 3}
      propertyPath: m_isInputParsingRequired
      value: 0
      objectReference: {fileID: 0}
    - target: {fileID: 2633589314835373970, guid: 21ddb8b44370f24438748fc5bf536795,
        type: 3}
      propertyPath: m_Mesh
      value: 
      objectReference: {fileID: 0}
    - target: {fileID: 2633589315160138969, guid: 21ddb8b44370f24438748fc5bf536795,
        type: 3}
      propertyPath: m_Mesh
      value: 
      objectReference: {fileID: 0}
    - target: {fileID: 2633589315160138971, guid: 21ddb8b44370f24438748fc5bf536795,
        type: 3}
      propertyPath: m_havePropertiesChanged
      value: 0
      objectReference: {fileID: 0}
    - target: {fileID: 2633589315160138971, guid: 21ddb8b44370f24438748fc5bf536795,
        type: 3}
      propertyPath: m_isInputParsingRequired
      value: 0
      objectReference: {fileID: 0}
    m_RemovedComponents: []
  m_SourcePrefab: {fileID: 100100000, guid: 21ddb8b44370f24438748fc5bf536795, type: 3}
--- !u!1 &4262214722403918033 stripped
GameObject:
  m_CorrespondingSourceObject: {fileID: 7792347090900988909, guid: 21ddb8b44370f24438748fc5bf536795,
    type: 3}
  m_PrefabInstance: {fileID: 6270584982417232700}
  m_PrefabAsset: {fileID: 0}
--- !u!4 &2989476327957359093 stripped
Transform:
  m_CorrespondingSourceObject: {fileID: 9113411185347574473, guid: 21ddb8b44370f24438748fc5bf536795,
    type: 3}
  m_PrefabInstance: {fileID: 6270584982417232700}
  m_PrefabAsset: {fileID: 0}
--- !u!95 &4392321045843604088 stripped
Animator:
  m_CorrespondingSourceObject: {fileID: 7778067754704838980, guid: 21ddb8b44370f24438748fc5bf536795,
    type: 3}
  m_PrefabInstance: {fileID: 6270584982417232700}
  m_PrefabAsset: {fileID: 0}
