%YAML 1.1
%TAG !u! tag:unity3d.com,2011:
--- !u!1 &440192680884550348
GameObject:
  m_ObjectHideFlags: 0
  m_CorrespondingSourceObject: {fileID: 0}
  m_PrefabInstance: {fileID: 0}
  m_PrefabAsset: {fileID: 0}
  serializedVersion: 6
  m_Component:
  - component: {fileID: 6230993561023895032}
  - component: {fileID: 3735433438336663431}
  m_Layer: 0
  m_Name: KidsPictureRound
  m_TagString: Untagged
  m_Icon: {fileID: 0}
  m_NavMeshLayer: 0
  m_StaticEditorFlags: 0
  m_IsActive: 1
--- !u!4 &6230993561023895032
Transform:
  m_ObjectHideFlags: 0
  m_CorrespondingSourceObject: {fileID: 0}
  m_PrefabInstance: {fileID: 0}
  m_PrefabAsset: {fileID: 0}
  m_GameObject: {fileID: 440192680884550348}
  m_LocalRotation: {x: 0, y: 0, z: 0, w: 1}
  m_LocalPosition: {x: 0, y: 0, z: 0}
  m_LocalScale: {x: 1, y: 1, z: 1}
  m_Children:
  - {fileID: 4475130079615118320}
  - {fileID: 6942165249349843272}
  - {fileID: 6073467655353509325}
  m_Father: {fileID: 0}
  m_RootOrder: 0
  m_LocalEulerAnglesHint: {x: 0, y: 0, z: 0}
--- !u!114 &3735433438336663431
MonoBehaviour:
  m_ObjectHideFlags: 0
  m_CorrespondingSourceObject: {fileID: 0}
  m_PrefabInstance: {fileID: 0}
  m_PrefabAsset: {fileID: 0}
  m_GameObject: {fileID: 440192680884550348}
  m_Enabled: 1
  m_EditorHideFlags: 0
  m_Script: {fileID: 11500000, guid: c0a50608476d2694a9e50b8f2a89bfeb, type: 3}
  m_Name: 
  m_EditorClassIdentifier: 
  dontWaitInEditor: 0
  movieEvents:
  - timeOfEvent: 0.001
    action:
      m_PersistentCalls:
        m_Calls:
        - m_Target: {fileID: 2325727537893544564}
          m_MethodName: SetActive
          m_Mode: 6
          m_Arguments:
            m_ObjectArgument: {fileID: 0}
            m_ObjectArgumentAssemblyTypeName: UnityEngine.Object, UnityEngine
            m_IntArgument: 0
            m_FloatArgument: 0
            m_StringArgument: 
            m_BoolArgument: 1
          m_CallState: 2
      m_TypeName: Dweiss.EventEmpty, Assembly-CSharp, Version=0.0.0.0, Culture=neutral,
        PublicKeyToken=null
  - timeOfEvent: 53.8
    action:
      m_PersistentCalls:
        m_Calls:
        - m_Target: {fileID: 1404397109680558640}
          m_MethodName: Init
          m_Mode: 1
          m_Arguments:
            m_ObjectArgument: {fileID: 0}
            m_ObjectArgumentAssemblyTypeName: UnityEngine.Object, UnityEngine
            m_IntArgument: 0
            m_FloatArgument: 0
            m_StringArgument: 
            m_BoolArgument: 0
          m_CallState: 2
        - m_Target: {fileID: 1404397109680558640}
          m_MethodName: StartAnimation
          m_Mode: 1
          m_Arguments:
            m_ObjectArgument: {fileID: 0}
            m_ObjectArgumentAssemblyTypeName: UnityEngine.Object, UnityEngine
            m_IntArgument: 0
            m_FloatArgument: 0
            m_StringArgument: 
            m_BoolArgument: 0
          m_CallState: 2
        - m_Target: {fileID: 3475248724439131494}
          m_MethodName: StartReverseAnimation
          m_Mode: 1
          m_Arguments:
            m_ObjectArgument: {fileID: 0}
            m_ObjectArgumentAssemblyTypeName: UnityEngine.Object, UnityEngine
            m_IntArgument: 0
            m_FloatArgument: 0
            m_StringArgument: 
            m_BoolArgument: 0
          m_CallState: 2
        - m_Target: {fileID: 4979296842975490859}
          m_MethodName: StartReverseAnimation
          m_Mode: 1
          m_Arguments:
            m_ObjectArgument: {fileID: 0}
            m_ObjectArgumentAssemblyTypeName: UnityEngine.Object, UnityEngine
            m_IntArgument: 0
            m_FloatArgument: 0
            m_StringArgument: 
            m_BoolArgument: 0
          m_CallState: 2
      m_TypeName: Dweiss.EventEmpty, Assembly-CSharp, Version=0.0.0.0, Culture=neutral,
        PublicKeyToken=null
  waitForGuiToAppear: 8
  guiStopAt: -1
  guiChild: {fileID: 2405052841280051407}
--- !u!114 &1404397109680558640
MonoBehaviour:
  m_ObjectHideFlags: 0
  m_CorrespondingSourceObject: {fileID: 0}
  m_PrefabInstance: {fileID: 0}
  m_PrefabAsset: {fileID: 0}
  m_GameObject: {fileID: 2325727537893544564}
  m_Enabled: 1
  m_EditorHideFlags: 0
  m_Script: {fileID: 11500000, guid: 578e3772f182bcd4c802a1d0ed92625a, type: 3}
  m_Name: 
  m_EditorClassIdentifier: 
  repeat: 0
  alphaStart: 1
  alphaEnd: 0
  startWaitTime: 0
  activeTime: 0.5
  setRndrAndGoOnStart: 0
  changeGameObjectOnAnimation: 0
  changeRndrsOnAnimation: 0
  colorPropertyName:
  - _Color
  - _FaceColor
  onStartAlphaStart:
    m_PersistentCalls:
      m_Calls: []
    m_TypeName: Dweiss.EventEmpty, Assembly-CSharp, Version=0.0.0.0, Culture=neutral,
      PublicKeyToken=null
  onReachAlphaEnd:
    m_PersistentCalls:
      m_Calls: []
    m_TypeName: Dweiss.EventEmpty, Assembly-CSharp, Version=0.0.0.0, Culture=neutral,
      PublicKeyToken=null
  onStartAlphaEnd:
    m_PersistentCalls:
      m_Calls: []
    m_TypeName: Dweiss.EventEmpty, Assembly-CSharp, Version=0.0.0.0, Culture=neutral,
      PublicKeyToken=null
  onReachAlphaStart:
    m_PersistentCalls:
      m_Calls: []
    m_TypeName: Dweiss.EventEmpty, Assembly-CSharp, Version=0.0.0.0, Culture=neutral,
      PublicKeyToken=null
--- !u!82 &3753531698430682839
AudioSource:
  m_ObjectHideFlags: 0
  m_CorrespondingSourceObject: {fileID: 0}
  m_PrefabInstance: {fileID: 0}
  m_PrefabAsset: {fileID: 0}
  m_GameObject: {fileID: 2405052841280051407}
  m_Enabled: 1
  serializedVersion: 4
  OutputAudioMixerGroup: {fileID: 0}
  m_audioClip: {fileID: 8300000, guid: 5ca445c69f4590749959fbf16f24da48, type: 3}
  m_PlayOnAwake: 1
  m_Volume: 1
  m_Pitch: 1
  Loop: 0
  Mute: 0
  Spatialize: 0
  SpatializePostEffects: 0
  Priority: 128
  DopplerLevel: 1
  MinDistance: 1
  MaxDistance: 500
  Pan2D: 0
  rolloffMode: 0
  BypassEffects: 0
  BypassListenerEffects: 0
  BypassReverbZones: 0
  rolloffCustomCurve:
    serializedVersion: 2
    m_Curve:
    - serializedVersion: 3
      time: 0
      value: 1
      inSlope: 0
      outSlope: 0
      tangentMode: 0
      weightedMode: 0
      inWeight: 0.33333334
      outWeight: 0.33333334
    - serializedVersion: 3
      time: 1
      value: 0
      inSlope: 0
      outSlope: 0
      tangentMode: 0
      weightedMode: 0
      inWeight: 0.33333334
      outWeight: 0.33333334
    m_PreInfinity: 2
    m_PostInfinity: 2
    m_RotationOrder: 4
  panLevelCustomCurve:
    serializedVersion: 2
    m_Curve:
    - serializedVersion: 3
      time: 0
      value: 0
      inSlope: 0
      outSlope: 0
      tangentMode: 0
      weightedMode: 0
      inWeight: 0.33333334
      outWeight: 0.33333334
    m_PreInfinity: 2
    m_PostInfinity: 2
    m_RotationOrder: 4
  spreadCustomCurve:
    serializedVersion: 2
    m_Curve:
    - serializedVersion: 3
      time: 0
      value: 0
      inSlope: 0
      outSlope: 0
      tangentMode: 0
      weightedMode: 0
      inWeight: 0.33333334
      outWeight: 0.33333334
    m_PreInfinity: 2
    m_PostInfinity: 2
    m_RotationOrder: 4
  reverbZoneMixCustomCurve:
    serializedVersion: 2
    m_Curve:
    - serializedVersion: 3
      time: 0
      value: 1
      inSlope: 0
      outSlope: 0
      tangentMode: 0
      weightedMode: 0
      inWeight: 0.33333334
      outWeight: 0.33333334
    m_PreInfinity: 2
    m_PostInfinity: 2
    m_RotationOrder: 4
--- !u!1001 &2947491135519161213
PrefabInstance:
  m_ObjectHideFlags: 0
  serializedVersion: 2
  m_Modification:
    m_TransformParent: {fileID: 6230993561023895032}
    m_Modifications:
    - target: {fileID: 686765146910090162, guid: af254a58eee721a40bb2e03645921f4d,
        type: 3}
      propertyPath: m_Name
      value: TwoSideYearShow
      objectReference: {fileID: 0}
    - target: {fileID: 686765146910090162, guid: af254a58eee721a40bb2e03645921f4d,
        type: 3}
      propertyPath: m_IsActive
      value: 0
      objectReference: {fileID: 0}
    - target: {fileID: 1791596882756738587, guid: af254a58eee721a40bb2e03645921f4d,
        type: 3}
      propertyPath: activeTime
      value: 1
      objectReference: {fileID: 0}
    - target: {fileID: 7925653143847454806, guid: af254a58eee721a40bb2e03645921f4d,
        type: 3}
      propertyPath: activeTime
      value: 1
      objectReference: {fileID: 0}
    - target: {fileID: 5237705133033620021, guid: af254a58eee721a40bb2e03645921f4d,
        type: 3}
      propertyPath: m_LocalPosition.x
      value: 0
      objectReference: {fileID: 0}
    - target: {fileID: 5237705133033620021, guid: af254a58eee721a40bb2e03645921f4d,
        type: 3}
      propertyPath: m_LocalPosition.y
      value: -2.1
      objectReference: {fileID: 0}
    - target: {fileID: 5237705133033620021, guid: af254a58eee721a40bb2e03645921f4d,
        type: 3}
      propertyPath: m_LocalPosition.z
      value: 0
      objectReference: {fileID: 0}
    - target: {fileID: 5237705133033620021, guid: af254a58eee721a40bb2e03645921f4d,
        type: 3}
      propertyPath: m_LocalRotation.x
      value: -0
      objectReference: {fileID: 0}
    - target: {fileID: 5237705133033620021, guid: af254a58eee721a40bb2e03645921f4d,
        type: 3}
      propertyPath: m_LocalRotation.y
      value: -0
      objectReference: {fileID: 0}
    - target: {fileID: 5237705133033620021, guid: af254a58eee721a40bb2e03645921f4d,
        type: 3}
      propertyPath: m_LocalRotation.z
      value: -0
      objectReference: {fileID: 0}
    - target: {fileID: 5237705133033620021, guid: af254a58eee721a40bb2e03645921f4d,
        type: 3}
      propertyPath: m_LocalRotation.w
      value: 1
      objectReference: {fileID: 0}
    - target: {fileID: 5237705133033620021, guid: af254a58eee721a40bb2e03645921f4d,
        type: 3}
      propertyPath: m_RootOrder
      value: 1
      objectReference: {fileID: 0}
    - target: {fileID: 5237705133033620021, guid: af254a58eee721a40bb2e03645921f4d,
        type: 3}
      propertyPath: m_LocalEulerAnglesHint.x
      value: 0
      objectReference: {fileID: 0}
    - target: {fileID: 5237705133033620021, guid: af254a58eee721a40bb2e03645921f4d,
        type: 3}
      propertyPath: m_LocalEulerAnglesHint.y
      value: 0
      objectReference: {fileID: 0}
    - target: {fileID: 5237705133033620021, guid: af254a58eee721a40bb2e03645921f4d,
        type: 3}
      propertyPath: m_LocalEulerAnglesHint.z
      value: 0
      objectReference: {fileID: 0}
    - target: {fileID: 1338179423076685263, guid: af254a58eee721a40bb2e03645921f4d,
        type: 3}
      propertyPath: m_Enabled
      value: 0
      objectReference: {fileID: 0}
    - target: {fileID: 3734280788606125185, guid: af254a58eee721a40bb2e03645921f4d,
        type: 3}
      propertyPath: narrateOnReady
      value: 0
      objectReference: {fileID: 0}
    - target: {fileID: 3734280788606125185, guid: af254a58eee721a40bb2e03645921f4d,
        type: 3}
      propertyPath: m_Enabled
      value: 0
      objectReference: {fileID: 0}
    - target: {fileID: 5112219729573630668, guid: af254a58eee721a40bb2e03645921f4d,
        type: 3}
      propertyPath: narrateOnReady
      value: 0
      objectReference: {fileID: 0}
    - target: {fileID: 5112219729573630668, guid: af254a58eee721a40bb2e03645921f4d,
        type: 3}
      propertyPath: m_Enabled
      value: 0
      objectReference: {fileID: 0}
    - target: {fileID: 1856870510579952420, guid: af254a58eee721a40bb2e03645921f4d,
        type: 3}
      propertyPath: m_havePropertiesChanged
      value: 0
      objectReference: {fileID: 0}
    - target: {fileID: 1856870510579952420, guid: af254a58eee721a40bb2e03645921f4d,
        type: 3}
      propertyPath: m_isInputParsingRequired
      value: 0
      objectReference: {fileID: 0}
    - target: {fileID: 7846530254378237289, guid: af254a58eee721a40bb2e03645921f4d,
        type: 3}
      propertyPath: m_havePropertiesChanged
      value: 0
      objectReference: {fileID: 0}
    - target: {fileID: 7846530254378237289, guid: af254a58eee721a40bb2e03645921f4d,
        type: 3}
      propertyPath: m_isInputParsingRequired
      value: 0
      objectReference: {fileID: 0}
    - target: {fileID: 3590027996847312858, guid: af254a58eee721a40bb2e03645921f4d,
        type: 3}
      propertyPath: m_Mesh
      value: 
      objectReference: {fileID: 0}
    - target: {fileID: 4968247900600490391, guid: af254a58eee721a40bb2e03645921f4d,
        type: 3}
      propertyPath: m_Mesh
      value: 
      objectReference: {fileID: 0}
    m_RemovedComponents: []
  m_SourcePrefab: {fileID: 100100000, guid: af254a58eee721a40bb2e03645921f4d, type: 3}
--- !u!1 &2405052841280051407 stripped
GameObject:
  m_CorrespondingSourceObject: {fileID: 686765146910090162, guid: af254a58eee721a40bb2e03645921f4d,
    type: 3}
  m_PrefabInstance: {fileID: 2947491135519161213}
  m_PrefabAsset: {fileID: 0}
--- !u!4 &6942165249349843272 stripped
Transform:
  m_CorrespondingSourceObject: {fileID: 5237705133033620021, guid: af254a58eee721a40bb2e03645921f4d,
    type: 3}
  m_PrefabInstance: {fileID: 2947491135519161213}
  m_PrefabAsset: {fileID: 0}
--- !u!114 &3475248724439131494 stripped
MonoBehaviour:
  m_CorrespondingSourceObject: {fileID: 1791596882756738587, guid: af254a58eee721a40bb2e03645921f4d,
    type: 3}
  m_PrefabInstance: {fileID: 2947491135519161213}
  m_PrefabAsset: {fileID: 0}
  m_GameObject: {fileID: 0}
  m_Enabled: 1
  m_EditorHideFlags: 0
  m_Script: {fileID: 11500000, guid: 578e3772f182bcd4c802a1d0ed92625a, type: 3}
  m_Name: 
  m_EditorClassIdentifier: 
--- !u!114 &4979296842975490859 stripped
MonoBehaviour:
  m_CorrespondingSourceObject: {fileID: 7925653143847454806, guid: af254a58eee721a40bb2e03645921f4d,
    type: 3}
  m_PrefabInstance: {fileID: 2947491135519161213}
  m_PrefabAsset: {fileID: 0}
  m_GameObject: {fileID: 0}
  m_Enabled: 1
  m_EditorHideFlags: 0
  m_Script: {fileID: 11500000, guid: 578e3772f182bcd4c802a1d0ed92625a, type: 3}
  m_Name: 
  m_EditorClassIdentifier: 
--- !u!1001 &4232065144116292156
PrefabInstance:
  m_ObjectHideFlags: 0
  serializedVersion: 2
  m_Modification:
    m_TransformParent: {fileID: 6230993561023895032}
    m_Modifications:
    - target: {fileID: 7994481374414671862, guid: bf08aad71cd5dac42987ce120992ea24,
        type: 3}
      propertyPath: m_Name
      value: FadeBlack
      objectReference: {fileID: 0}
    - target: {fileID: 7994481374414671862, guid: bf08aad71cd5dac42987ce120992ea24,
        type: 3}
      propertyPath: m_IsActive
      value: 0
      objectReference: {fileID: 0}
    - target: {fileID: 7994481374414671857, guid: bf08aad71cd5dac42987ce120992ea24,
        type: 3}
      propertyPath: m_LocalPosition.x
      value: 0
      objectReference: {fileID: 0}
    - target: {fileID: 7994481374414671857, guid: bf08aad71cd5dac42987ce120992ea24,
        type: 3}
      propertyPath: m_LocalPosition.y
      value: 0
      objectReference: {fileID: 0}
    - target: {fileID: 7994481374414671857, guid: bf08aad71cd5dac42987ce120992ea24,
        type: 3}
      propertyPath: m_LocalPosition.z
      value: 0
      objectReference: {fileID: 0}
    - target: {fileID: 7994481374414671857, guid: bf08aad71cd5dac42987ce120992ea24,
        type: 3}
      propertyPath: m_LocalRotation.x
      value: 0
      objectReference: {fileID: 0}
    - target: {fileID: 7994481374414671857, guid: bf08aad71cd5dac42987ce120992ea24,
        type: 3}
      propertyPath: m_LocalRotation.y
      value: 0
      objectReference: {fileID: 0}
    - target: {fileID: 7994481374414671857, guid: bf08aad71cd5dac42987ce120992ea24,
        type: 3}
      propertyPath: m_LocalRotation.z
      value: 0
      objectReference: {fileID: 0}
    - target: {fileID: 7994481374414671857, guid: bf08aad71cd5dac42987ce120992ea24,
        type: 3}
      propertyPath: m_LocalRotation.w
      value: 1
      objectReference: {fileID: 0}
    - target: {fileID: 7994481374414671857, guid: bf08aad71cd5dac42987ce120992ea24,
        type: 3}
      propertyPath: m_RootOrder
      value: 2
      objectReference: {fileID: 0}
    - target: {fileID: 7994481374414671857, guid: bf08aad71cd5dac42987ce120992ea24,
        type: 3}
      propertyPath: m_LocalEulerAnglesHint.x
      value: 0
      objectReference: {fileID: 0}
    - target: {fileID: 7994481374414671857, guid: bf08aad71cd5dac42987ce120992ea24,
        type: 3}
      propertyPath: m_LocalEulerAnglesHint.y
      value: 0
      objectReference: {fileID: 0}
    - target: {fileID: 7994481374414671857, guid: bf08aad71cd5dac42987ce120992ea24,
        type: 3}
      propertyPath: m_LocalEulerAnglesHint.z
      value: 0
      objectReference: {fileID: 0}
    - target: {fileID: 2479300521632484743, guid: bf08aad71cd5dac42987ce120992ea24,
        type: 3}
      propertyPath: destoryAfter
      value: 2
      objectReference: {fileID: 0}
    - target: {fileID: 7994481374414671859, guid: bf08aad71cd5dac42987ce120992ea24,
        type: 3}
      propertyPath: activeTime
      value: 2
      objectReference: {fileID: 0}
    m_RemovedComponents: []
  m_SourcePrefab: {fileID: 100100000, guid: bf08aad71cd5dac42987ce120992ea24, type: 3}
--- !u!4 &6073467655353509325 stripped
Transform:
  m_CorrespondingSourceObject: {fileID: 7994481374414671857, guid: bf08aad71cd5dac42987ce120992ea24,
    type: 3}
  m_PrefabInstance: {fileID: 4232065144116292156}
  m_PrefabAsset: {fileID: 0}
--- !u!1001 &7557257789910347761
PrefabInstance:
  m_ObjectHideFlags: 0
  serializedVersion: 2
  m_Modification:
    m_TransformParent: {fileID: 6230993561023895032}
    m_Modifications:
    - target: {fileID: 5234978496720534917, guid: 05c29d3c2ac510d4a920a5defd16595a,
        type: 3}
      propertyPath: m_Name
      value: KidsPictureLogic
      objectReference: {fileID: 0}
    - target: {fileID: 5234978496720534917, guid: 05c29d3c2ac510d4a920a5defd16595a,
        type: 3}
      propertyPath: m_IsActive
      value: 0
      objectReference: {fileID: 0}
    - target: {fileID: 6267355863228810241, guid: 05c29d3c2ac510d4a920a5defd16595a,
        type: 3}
      propertyPath: m_LocalPosition.x
      value: 0
      objectReference: {fileID: 0}
    - target: {fileID: 6267355863228810241, guid: 05c29d3c2ac510d4a920a5defd16595a,
        type: 3}
      propertyPath: m_LocalPosition.y
      value: 0
      objectReference: {fileID: 0}
    - target: {fileID: 6267355863228810241, guid: 05c29d3c2ac510d4a920a5defd16595a,
        type: 3}
      propertyPath: m_LocalPosition.z
      value: 0
      objectReference: {fileID: 0}
    - target: {fileID: 6267355863228810241, guid: 05c29d3c2ac510d4a920a5defd16595a,
        type: 3}
      propertyPath: m_LocalRotation.x
      value: -0
      objectReference: {fileID: 0}
    - target: {fileID: 6267355863228810241, guid: 05c29d3c2ac510d4a920a5defd16595a,
        type: 3}
      propertyPath: m_LocalRotation.y
      value: -0
      objectReference: {fileID: 0}
    - target: {fileID: 6267355863228810241, guid: 05c29d3c2ac510d4a920a5defd16595a,
        type: 3}
      propertyPath: m_LocalRotation.z
      value: -0
      objectReference: {fileID: 0}
    - target: {fileID: 6267355863228810241, guid: 05c29d3c2ac510d4a920a5defd16595a,
        type: 3}
      propertyPath: m_LocalRotation.w
      value: 1
      objectReference: {fileID: 0}
    - target: {fileID: 6267355863228810241, guid: 05c29d3c2ac510d4a920a5defd16595a,
        type: 3}
      propertyPath: m_RootOrder
      value: 0
      objectReference: {fileID: 0}
    - target: {fileID: 6267355863228810241, guid: 05c29d3c2ac510d4a920a5defd16595a,
        type: 3}
      propertyPath: m_LocalEulerAnglesHint.x
      value: 0
      objectReference: {fileID: 0}
    - target: {fileID: 6267355863228810241, guid: 05c29d3c2ac510d4a920a5defd16595a,
        type: 3}
      propertyPath: m_LocalEulerAnglesHint.y
      value: 0
      objectReference: {fileID: 0}
    - target: {fileID: 6267355863228810241, guid: 05c29d3c2ac510d4a920a5defd16595a,
        type: 3}
      propertyPath: m_LocalEulerAnglesHint.z
      value: 0
      objectReference: {fileID: 0}
    m_RemovedComponents: []
  m_SourcePrefab: {fileID: 100100000, guid: 05c29d3c2ac510d4a920a5defd16595a, type: 3}
--- !u!1 &2325727537893544564 stripped
GameObject:
  m_CorrespondingSourceObject: {fileID: 5234978496720534917, guid: 05c29d3c2ac510d4a920a5defd16595a,
    type: 3}
  m_PrefabInstance: {fileID: 7557257789910347761}
  m_PrefabAsset: {fileID: 0}
--- !u!4 &4475130079615118320 stripped
Transform:
  m_CorrespondingSourceObject: {fileID: 6267355863228810241, guid: 05c29d3c2ac510d4a920a5defd16595a,
    type: 3}
  m_PrefabInstance: {fileID: 7557257789910347761}
  m_PrefabAsset: {fileID: 0}
