%YAML 1.1
%TAG !u! tag:unity3d.com,2011:
--- !u!1 &1305030458102532505
GameObject:
  m_ObjectHideFlags: 0
  m_CorrespondingSourceObject: {fileID: 0}
  m_PrefabInstance: {fileID: 0}
  m_PrefabAsset: {fileID: 0}
  serializedVersion: 6
  m_Component:
  - component: {fileID: 5220377049609156282}
  - component: {fileID: 7120512808285352430}
  m_Layer: 0
  m_Name: StoriesIntroRound
  m_TagString: Untagged
  m_Icon: {fileID: 0}
  m_NavMeshLayer: 0
  m_StaticEditorFlags: 0
  m_IsActive: 1
--- !u!4 &5220377049609156282
Transform:
  m_ObjectHideFlags: 0
  m_CorrespondingSourceObject: {fileID: 0}
  m_PrefabInstance: {fileID: 0}
  m_PrefabAsset: {fileID: 0}
  m_GameObject: {fileID: 1305030458102532505}
  m_LocalRotation: {x: 0, y: 0, z: 0, w: 1}
  m_LocalPosition: {x: 0, y: 0, z: 0}
  m_LocalScale: {x: 1, y: 1, z: 1}
  m_Children:
  - {fileID: 5913355910351139865}
  - {fileID: 904696779369439251}
  m_Father: {fileID: 0}
  m_RootOrder: 0
  m_LocalEulerAnglesHint: {x: 0, y: 0, z: 0}
--- !u!114 &7120512808285352430
MonoBehaviour:
  m_ObjectHideFlags: 0
  m_CorrespondingSourceObject: {fileID: 0}
  m_PrefabInstance: {fileID: 0}
  m_PrefabAsset: {fileID: 0}
  m_GameObject: {fileID: 1305030458102532505}
  m_Enabled: 1
  m_EditorHideFlags: 0
  m_Script: {fileID: 11500000, guid: c0a50608476d2694a9e50b8f2a89bfeb, type: 3}
  m_Name: 
  m_EditorClassIdentifier: 
  dontWaitInEditor: 0
  movieEvents:
  - timeOfEvent: 25.6
    action:
      m_PersistentCalls:
        m_Calls:
        - m_Target: {fileID: 5468728668728148091}
          m_MethodName: SetActive
          m_Mode: 6
          m_Arguments:
            m_ObjectArgument: {fileID: 0}
            m_ObjectArgumentAssemblyTypeName: UnityEngine.Object, UnityEngine
            m_IntArgument: 0
            m_FloatArgument: 0
            m_StringArgument: 
            m_BoolArgument: 1
          m_CallState: 2
      m_TypeName: Dweiss.EventEmpty, Assembly-CSharp, Version=0.0.0.0, Culture=neutral,
        PublicKeyToken=null
  waitForGuiToAppear: -Infinity
  guiStopAt: -1
  guiChild: {fileID: 0}
--- !u!1001 &732357751818998121
PrefabInstance:
  m_ObjectHideFlags: 0
  serializedVersion: 2
  m_Modification:
    m_TransformParent: {fileID: 5220377049609156282}
    m_Modifications:
    - target: {fileID: 4741455609141235986, guid: ddb186218b3d9f843a79b659d3a34f0a,
        type: 3}
      propertyPath: m_Name
      value: EarthAnimationGroup
      objectReference: {fileID: 0}
    - target: {fileID: 4741455609141235986, guid: ddb186218b3d9f843a79b659d3a34f0a,
        type: 3}
      propertyPath: m_IsActive
      value: 0
      objectReference: {fileID: 0}
    - target: {fileID: 479628497580306810, guid: ddb186218b3d9f843a79b659d3a34f0a,
        type: 3}
      propertyPath: m_LocalPosition.x
      value: 0
      objectReference: {fileID: 0}
    - target: {fileID: 479628497580306810, guid: ddb186218b3d9f843a79b659d3a34f0a,
        type: 3}
      propertyPath: m_LocalPosition.y
      value: 0
      objectReference: {fileID: 0}
    - target: {fileID: 479628497580306810, guid: ddb186218b3d9f843a79b659d3a34f0a,
        type: 3}
      propertyPath: m_LocalPosition.z
      value: 0
      objectReference: {fileID: 0}
    - target: {fileID: 479628497580306810, guid: ddb186218b3d9f843a79b659d3a34f0a,
        type: 3}
      propertyPath: m_LocalRotation.x
      value: -0
      objectReference: {fileID: 0}
    - target: {fileID: 479628497580306810, guid: ddb186218b3d9f843a79b659d3a34f0a,
        type: 3}
      propertyPath: m_LocalRotation.y
      value: -0
      objectReference: {fileID: 0}
    - target: {fileID: 479628497580306810, guid: ddb186218b3d9f843a79b659d3a34f0a,
        type: 3}
      propertyPath: m_LocalRotation.z
      value: -0
      objectReference: {fileID: 0}
    - target: {fileID: 479628497580306810, guid: ddb186218b3d9f843a79b659d3a34f0a,
        type: 3}
      propertyPath: m_LocalRotation.w
      value: 1
      objectReference: {fileID: 0}
    - target: {fileID: 479628497580306810, guid: ddb186218b3d9f843a79b659d3a34f0a,
        type: 3}
      propertyPath: m_RootOrder
      value: 1
      objectReference: {fileID: 0}
    - target: {fileID: 479628497580306810, guid: ddb186218b3d9f843a79b659d3a34f0a,
        type: 3}
      propertyPath: m_LocalEulerAnglesHint.x
      value: 0
      objectReference: {fileID: 0}
    - target: {fileID: 479628497580306810, guid: ddb186218b3d9f843a79b659d3a34f0a,
        type: 3}
      propertyPath: m_LocalEulerAnglesHint.y
      value: 0
      objectReference: {fileID: 0}
    - target: {fileID: 479628497580306810, guid: ddb186218b3d9f843a79b659d3a34f0a,
        type: 3}
      propertyPath: m_LocalEulerAnglesHint.z
      value: 0
      objectReference: {fileID: 0}
    m_RemovedComponents: []
  m_SourcePrefab: {fileID: 100100000, guid: ddb186218b3d9f843a79b659d3a34f0a, type: 3}
--- !u!1 &5468728668728148091 stripped
GameObject:
  m_CorrespondingSourceObject: {fileID: 4741455609141235986, guid: ddb186218b3d9f843a79b659d3a34f0a,
    type: 3}
  m_PrefabInstance: {fileID: 732357751818998121}
  m_PrefabAsset: {fileID: 0}
--- !u!4 &904696779369439251 stripped
Transform:
  m_CorrespondingSourceObject: {fileID: 479628497580306810, guid: ddb186218b3d9f843a79b659d3a34f0a,
    type: 3}
  m_PrefabInstance: {fileID: 732357751818998121}
  m_PrefabAsset: {fileID: 0}
--- !u!1001 &4387191766564551656
PrefabInstance:
  m_ObjectHideFlags: 0
  serializedVersion: 2
  m_Modification:
    m_TransformParent: {fileID: 5220377049609156282}
    m_Modifications:
    - target: {fileID: 7994481374414671862, guid: bf08aad71cd5dac42987ce120992ea24,
        type: 3}
      propertyPath: m_Name
      value: FadeBlack
      objectReference: {fileID: 0}
    - target: {fileID: 7994481374414671862, guid: bf08aad71cd5dac42987ce120992ea24,
        type: 3}
      propertyPath: m_IsActive
      value: 0
      objectReference: {fileID: 0}
    - target: {fileID: 7994481374414671857, guid: bf08aad71cd5dac42987ce120992ea24,
        type: 3}
      propertyPath: m_LocalPosition.x
      value: 0
      objectReference: {fileID: 0}
    - target: {fileID: 7994481374414671857, guid: bf08aad71cd5dac42987ce120992ea24,
        type: 3}
      propertyPath: m_LocalPosition.y
      value: 0
      objectReference: {fileID: 0}
    - target: {fileID: 7994481374414671857, guid: bf08aad71cd5dac42987ce120992ea24,
        type: 3}
      propertyPath: m_LocalPosition.z
      value: 0
      objectReference: {fileID: 0}
    - target: {fileID: 7994481374414671857, guid: bf08aad71cd5dac42987ce120992ea24,
        type: 3}
      propertyPath: m_LocalRotation.x
      value: 0
      objectReference: {fileID: 0}
    - target: {fileID: 7994481374414671857, guid: bf08aad71cd5dac42987ce120992ea24,
        type: 3}
      propertyPath: m_LocalRotation.y
      value: 0
      objectReference: {fileID: 0}
    - target: {fileID: 7994481374414671857, guid: bf08aad71cd5dac42987ce120992ea24,
        type: 3}
      propertyPath: m_LocalRotation.z
      value: 0
      objectReference: {fileID: 0}
    - target: {fileID: 7994481374414671857, guid: bf08aad71cd5dac42987ce120992ea24,
        type: 3}
      propertyPath: m_LocalRotation.w
      value: 1
      objectReference: {fileID: 0}
    - target: {fileID: 7994481374414671857, guid: bf08aad71cd5dac42987ce120992ea24,
        type: 3}
      propertyPath: m_RootOrder
      value: 0
      objectReference: {fileID: 0}
    - target: {fileID: 7994481374414671857, guid: bf08aad71cd5dac42987ce120992ea24,
        type: 3}
      propertyPath: m_LocalEulerAnglesHint.x
      value: 0
      objectReference: {fileID: 0}
    - target: {fileID: 7994481374414671857, guid: bf08aad71cd5dac42987ce120992ea24,
        type: 3}
      propertyPath: m_LocalEulerAnglesHint.y
      value: 0
      objectReference: {fileID: 0}
    - target: {fileID: 7994481374414671857, guid: bf08aad71cd5dac42987ce120992ea24,
        type: 3}
      propertyPath: m_LocalEulerAnglesHint.z
      value: 0
      objectReference: {fileID: 0}
    - target: {fileID: 7994481374414671859, guid: bf08aad71cd5dac42987ce120992ea24,
        type: 3}
      propertyPath: activeTime
      value: 0.5
      objectReference: {fileID: 0}
    - target: {fileID: 7994481374414671859, guid: bf08aad71cd5dac42987ce120992ea24,
        type: 3}
      propertyPath: setRndrAndGoOnStart
      value: 1
      objectReference: {fileID: 0}
    - target: {fileID: 7994481374414671859, guid: bf08aad71cd5dac42987ce120992ea24,
        type: 3}
      propertyPath: changeRndrsOnAnimation
      value: 1
      objectReference: {fileID: 0}
    m_RemovedComponents: []
  m_SourcePrefab: {fileID: 100100000, guid: bf08aad71cd5dac42987ce120992ea24, type: 3}
--- !u!4 &5913355910351139865 stripped
Transform:
  m_CorrespondingSourceObject: {fileID: 7994481374414671857, guid: bf08aad71cd5dac42987ce120992ea24,
    type: 3}
  m_PrefabInstance: {fileID: 4387191766564551656}
  m_PrefabAsset: {fileID: 0}
