%YAML 1.1
%TAG !u! tag:unity3d.com,2011:
--- !u!241 &24100000
AudioMixerController:
  m_ObjectHideFlags: 0
  m_CorrespondingSourceObject: {fileID: 0}
  m_PrefabInstance: {fileID: 0}
  m_PrefabAsset: {fileID: 0}
  m_Name: OldMasterAudioMixer
  m_OutputGroup: {fileID: 0}
  m_MasterGroup: {fileID: 24300002}
  m_Snapshots:
  - {fileID: 24500006}
  m_StartSnapshot: {fileID: 24500006}
  m_SuspendThreshold: -80
  m_EnableSuspend: 1
  m_UpdateMode: 0
  m_ExposedParameters:
  - guid: a55383a6b41f8e140a8550e22df1417d
    name: Pitch
  m_AudioMixerGroupViews:
  - guids:
    - 744db48607c8ab843be2e16f6284e0ea
    - b2aeb00b448b5c848ba9f0d42f7cc437
    - 44c78d95483afdf4c9fdefa2820575f1
    - 373e7bd398286c649b03817f713c95c3
    - 02aeb02557189414fa1db1081e068e60
    name: View
  m_CurrentViewIndex: 0
  m_TargetSnapshot: {fileID: 24500006}
--- !u!243 &24300002
AudioMixerGroupController:
  m_ObjectHideFlags: 0
  m_CorrespondingSourceObject: {fileID: 0}
  m_PrefabInstance: {fileID: 0}
  m_PrefabAsset: {fileID: 0}
  m_Name: Master
  m_AudioMixer: {fileID: 24100000}
  m_GroupID: 744db48607c8ab843be2e16f6284e0ea
  m_Children:
  - {fileID: 243896742317209618}
  - {fileID: 243930001085981214}
  m_Volume: c34b5998c2938684fb0a90ae4adf43c9
  m_Pitch: dae5373d01464cb4cb3650f38c451e95
  m_Effects:
  - {fileID: 24400004}
  - {fileID: 244447787980194990}
  m_UserColorIndex: 0
  m_Mute: 0
  m_Solo: 0
  m_BypassEffects: 0
--- !u!244 &24400004
AudioMixerEffectController:
  m_ObjectHideFlags: 3
  m_CorrespondingSourceObject: {fileID: 0}
  m_PrefabInstance: {fileID: 0}
  m_PrefabAsset: {fileID: 0}
  m_Name: 
  m_EffectID: d65894029e4c7bc4fa813afa1306247a
  m_EffectName: Attenuation
  m_MixLevel: 381b4bf1af8086f45bfabb2e17241a02
  m_Parameters: []
  m_SendTarget: {fileID: 0}
  m_EnableWetMix: 0
  m_Bypass: 0
--- !u!245 &24500006
AudioMixerSnapshotController:
  m_ObjectHideFlags: 0
  m_CorrespondingSourceObject: {fileID: 0}
  m_PrefabInstance: {fileID: 0}
  m_PrefabAsset: {fileID: 0}
  m_Name: Snapshot
  m_AudioMixer: {fileID: 24100000}
  m_SnapshotID: 3a2e95ff3efd4ac449797715d2afa944
  m_FloatValues:
    64046b2082c15044b9b52da05ac1bab8: 16.3
    a8aa9b82241b43847b8335f2684e841e: 6.7923827
    3cc0b02664a6b7b4f8af78ecebb9d30a: 18.9
    c34b5998c2938684fb0a90ae4adf43c9: -13.3
    296126b8492bc04499ffef42f132424d: 20
  m_TransitionOverrides: {}
--- !u!243 &243721274312889974
AudioMixerGroupController:
  m_ObjectHideFlags: 0
  m_CorrespondingSourceObject: {fileID: 0}
  m_PrefabInstance: {fileID: 0}
  m_PrefabAsset: {fileID: 0}
  m_Name: TickWheel
  m_AudioMixer: {fileID: 24100000}
  m_GroupID: 373e7bd398286c649b03817f713c95c3
  m_Children: []
  m_Volume: 296126b8492bc04499ffef42f132424d
  m_Pitch: 7651c6695efa1ee4ea9194c4c2ddd6e9
  m_Effects:
  - {fileID: 244773784026630450}
  m_UserColorIndex: 0
  m_Mute: 0
  m_Solo: 0
  m_BypassEffects: 0
--- !u!243 &243896742317209618
AudioMixerGroupController:
  m_ObjectHideFlags: 0
  m_CorrespondingSourceObject: {fileID: 0}
  m_PrefabInstance: {fileID: 0}
  m_PrefabAsset: {fileID: 0}
  m_Name: Amplyfing
  m_AudioMixer: {fileID: 24100000}
  m_GroupID: b2aeb00b448b5c848ba9f0d42f7cc437
  m_Children:
  - {fileID: 243965356044399256}
  - {fileID: 243721274312889974}
  m_Volume: a8aa9b82241b43847b8335f2684e841e
  m_Pitch: 86ad6e58b9fbce44c933e23f66f7bc68
  m_Effects:
  - {fileID: 244183346370954920}
  m_UserColorIndex: 0
  m_Mute: 0
  m_Solo: 0
  m_BypassEffects: 0
--- !u!243 &243930001085981214
AudioMixerGroupController:
  m_ObjectHideFlags: 0
  m_CorrespondingSourceObject: {fileID: 0}
  m_PrefabInstance: {fileID: 0}
  m_PrefabAsset: {fileID: 0}
  m_Name: BonusNarration
  m_AudioMixer: {fileID: 24100000}
  m_GroupID: 44c78d95483afdf4c9fdefa2820575f1
  m_Children: []
  m_Volume: 64046b2082c15044b9b52da05ac1bab8
  m_Pitch: 21317350bf1572d448c7777938fc283c
  m_Effects:
  - {fileID: 244577712898223172}
  m_UserColorIndex: 0
  m_Mute: 0
  m_Solo: 0
  m_BypassEffects: 0
--- !u!243 &243965356044399256
AudioMixerGroupController:
  m_ObjectHideFlags: 0
  m_CorrespondingSourceObject: {fileID: 0}
  m_PrefabInstance: {fileID: 0}
  m_PrefabAsset: {fileID: 0}
  m_Name: SelectedBonusSound
  m_AudioMixer: {fileID: 24100000}
  m_GroupID: 02aeb02557189414fa1db1081e068e60
  m_Children: []
  m_Volume: 3cc0b02664a6b7b4f8af78ecebb9d30a
  m_Pitch: 933b64d4c181aad4a884e7d2721052da
  m_Effects:
  - {fileID: 244402575841315006}
  m_UserColorIndex: 0
  m_Mute: 0
  m_Solo: 0
  m_BypassEffects: 0
--- !u!244 &244183346370954920
AudioMixerEffectController:
  m_ObjectHideFlags: 3
  m_CorrespondingSourceObject: {fileID: 0}
  m_PrefabInstance: {fileID: 0}
  m_PrefabAsset: {fileID: 0}
  m_Name: 
  m_EffectID: a5c8af6ad92a77c48976720f2b642a3e
  m_EffectName: Attenuation
  m_MixLevel: e0b44ed4631927a44a618ea49f913eb1
  m_Parameters: []
  m_SendTarget: {fileID: 0}
  m_EnableWetMix: 0
  m_Bypass: 0
--- !u!244 &244402575841315006
AudioMixerEffectController:
  m_ObjectHideFlags: 3
  m_CorrespondingSourceObject: {fileID: 0}
  m_PrefabInstance: {fileID: 0}
  m_PrefabAsset: {fileID: 0}
  m_Name: 
  m_EffectID: 53ab713e7724f4b46a890e00cc7b44e2
  m_EffectName: Attenuation
  m_MixLevel: a05ca1ed8dc6b8544b7230d2a8cc5249
  m_Parameters: []
  m_SendTarget: {fileID: 0}
  m_EnableWetMix: 0
  m_Bypass: 0
--- !u!244 &244447787980194990
AudioMixerEffectController:
  m_ObjectHideFlags: 3
  m_CorrespondingSourceObject: {fileID: 0}
  m_PrefabInstance: {fileID: 0}
  m_PrefabAsset: {fileID: 0}
  m_Name: 
  m_EffectID: cf6cb2590ab1b9a4e8a18fc845e672a5
  m_EffectName: Pitch Shifter
  m_MixLevel: 24aeaeec0eab1654d984c640299f5941
  m_Parameters:
  - m_ParameterName: Pitch
    m_GUID: a55383a6b41f8e140a8550e22df1417d
  - m_ParameterName: FFT size
    m_GUID: 53d5831d440879b4ab750e6ec4288673
  - m_ParameterName: Overlap
    m_GUID: ee0c8ff288541b44a9947ec2064538b8
  - m_ParameterName: Max channels
    m_GUID: 9d669f580c50cfb4f8acff7207d31dd5
  m_SendTarget: {fileID: 0}
  m_EnableWetMix: 0
  m_Bypass: 0
--- !u!244 &244577712898223172
AudioMixerEffectController:
  m_ObjectHideFlags: 3
  m_CorrespondingSourceObject: {fileID: 0}
  m_PrefabInstance: {fileID: 0}
  m_PrefabAsset: {fileID: 0}
  m_Name: 
  m_EffectID: 2ccdaa62a143d894ab330da27576e334
  m_EffectName: Attenuation
  m_MixLevel: 9765dc2526bfe0f4a87da423dc1291a6
  m_Parameters: []
  m_SendTarget: {fileID: 0}
  m_EnableWetMix: 0
  m_Bypass: 0
--- !u!244 &244773784026630450
AudioMixerEffectController:
  m_ObjectHideFlags: 3
  m_CorrespondingSourceObject: {fileID: 0}
  m_PrefabInstance: {fileID: 0}
  m_PrefabAsset: {fileID: 0}
  m_Name: 
  m_EffectID: 9b1a0730cf0ee584f957bb48100ca2f3
  m_EffectName: Attenuation
  m_MixLevel: 2b0a5956edcea5d4e8df9bfa4aacdf1d
  m_Parameters: []
  m_SendTarget: {fileID: 0}
  m_EnableWetMix: 0
  m_Bypass: 0
