%YAML 1.1
%TAG !u! tag:unity3d.com,2011:
--- !u!114 &5670892797851040472
MonoBehaviour:
  m_ObjectHideFlags: 0
  m_CorrespondingSourceObject: {fileID: 0}
  m_PrefabInstance: {fileID: 0}
  m_PrefabAsset: {fileID: 0}
  m_GameObject: {fileID: 1130839289071601849}
  m_Enabled: 1
  m_EditorHideFlags: 0
  m_Script: {fileID: 11500000, guid: d3d7e1d0c9604b94cb8b1f3408cc18fd, type: 3}
  m_Name: 
  m_EditorClassIdentifier: 
  lengthOfTimeOfDeathEffects: 1.5
  useReductionOne: 0
  reducers:
  - {fileID: 4022727781244005452}
  - {fileID: 1142180212229415449}
  - {fileID: 2701037117309803576}
  - {fileID: 3584612179316200446}
  - {fileID: 5577301154944927002}
  dieOnStart: 0
  destroyOnEndDelay: 3.5
--- !u!114 &1142180212229415449
MonoBehaviour:
  m_ObjectHideFlags: 0
  m_CorrespondingSourceObject: {fileID: 0}
  m_PrefabInstance: {fileID: 0}
  m_PrefabAsset: {fileID: 0}
  m_GameObject: {fileID: 1213485643357854100}
  m_Enabled: 1
  m_EditorHideFlags: 0
  m_Script: {fileID: 11500000, guid: 82a463f8210d2cf418163c09ccc2618e, type: 3}
  m_Name: 
  m_EditorClassIdentifier: 
  maxTimeToRemove: 2
  attachedParticales: {fileID: 8314897740507087206}
  valueToIncreasePerSec: 0.5
  refillWaitAfterEmptyTime: 0
  onFillStatus:
    m_PersistentCalls:
      m_Calls: []
    m_TypeName: Dweiss.EventBool, Assembly-CSharp, Version=0.0.0.0, Culture=neutral,
      PublicKeyToken=null
  onParticalesEnded:
    m_PersistentCalls:
      m_Calls: []
    m_TypeName: Dweiss.EventMonoBehaviour, Assembly-CSharp, Version=0.0.0.0, Culture=neutral,
      PublicKeyToken=null
--- !u!1 &1534146243868865553
GameObject:
  m_ObjectHideFlags: 0
  m_CorrespondingSourceObject: {fileID: 0}
  m_PrefabInstance: {fileID: 0}
  m_PrefabAsset: {fileID: 0}
  serializedVersion: 6
  m_Component:
  - component: {fileID: 9058410106400071171}
  - component: {fileID: 5462114601288794648}
  - component: {fileID: 4899715792881969231}
  m_Layer: 0
  m_Name: AllSmoke-DISABLED
  m_TagString: SmokeGroup
  m_Icon: {fileID: 0}
  m_NavMeshLayer: 0
  m_StaticEditorFlags: 0
  m_IsActive: 0
--- !u!4 &9058410106400071171
Transform:
  m_ObjectHideFlags: 0
  m_CorrespondingSourceObject: {fileID: 0}
  m_PrefabInstance: {fileID: 0}
  m_PrefabAsset: {fileID: 0}
  m_GameObject: {fileID: 1534146243868865553}
  m_LocalRotation: {x: -0, y: -0, z: -0, w: 1}
  m_LocalPosition: {x: 0, y: 0, z: 0}
  m_LocalScale: {x: 1, y: 1, z: 1}
  m_Children:
  - {fileID: 1130839289071601848}
  - {fileID: 4426969995306837951}
  m_Father: {fileID: 0}
  m_RootOrder: 0
  m_LocalEulerAnglesHint: {x: 0, y: 0, z: 0}
--- !u!114 &5462114601288794648
MonoBehaviour:
  m_ObjectHideFlags: 0
  m_CorrespondingSourceObject: {fileID: 0}
  m_PrefabInstance: {fileID: 0}
  m_PrefabAsset: {fileID: 0}
  m_GameObject: {fileID: 1534146243868865553}
  m_Enabled: 1
  m_EditorHideFlags: 0
  m_Script: {fileID: 11500000, guid: 3ec8dcd1218b47e448e05e5bb49c9ba2, type: 3}
  m_Name: 
  m_EditorClassIdentifier: 
--- !u!114 &4899715792881969231
MonoBehaviour:
  m_ObjectHideFlags: 0
  m_CorrespondingSourceObject: {fileID: 0}
  m_PrefabInstance: {fileID: 0}
  m_PrefabAsset: {fileID: 0}
  m_GameObject: {fileID: 1534146243868865553}
  m_Enabled: 1
  m_EditorHideFlags: 0
  m_Script: {fileID: 11500000, guid: 665539c992a573545a8925498d6750b9, type: 3}
  m_Name: 
  m_EditorClassIdentifier: 
  eventsNames:
  - ResetSession
--- !u!114 &4022727781244005452
MonoBehaviour:
  m_ObjectHideFlags: 0
  m_CorrespondingSourceObject: {fileID: 0}
  m_PrefabInstance: {fileID: 0}
  m_PrefabAsset: {fileID: 0}
  m_GameObject: {fileID: 2944621332306810823}
  m_Enabled: 1
  m_EditorHideFlags: 0
  m_Script: {fileID: 11500000, guid: 82a463f8210d2cf418163c09ccc2618e, type: 3}
  m_Name: 
  m_EditorClassIdentifier: 
  maxTimeToRemove: 2
  attachedParticales: {fileID: 5435347992721837877}
  valueToIncreasePerSec: 0.5
  refillWaitAfterEmptyTime: 0
  onFillStatus:
    m_PersistentCalls:
      m_Calls: []
    m_TypeName: Dweiss.EventBool, Assembly-CSharp, Version=0.0.0.0, Culture=neutral,
      PublicKeyToken=null
  onParticalesEnded:
    m_PersistentCalls:
      m_Calls: []
    m_TypeName: Dweiss.EventMonoBehaviour, Assembly-CSharp, Version=0.0.0.0, Culture=neutral,
      PublicKeyToken=null
--- !u!114 &5577301154944927002
MonoBehaviour:
  m_ObjectHideFlags: 0
  m_CorrespondingSourceObject: {fileID: 0}
  m_PrefabInstance: {fileID: 0}
  m_PrefabAsset: {fileID: 0}
  m_GameObject: {fileID: 3885726767768172927}
  m_Enabled: 1
  m_EditorHideFlags: 0
  m_Script: {fileID: 11500000, guid: 82a463f8210d2cf418163c09ccc2618e, type: 3}
  m_Name: 
  m_EditorClassIdentifier: 
  maxTimeToRemove: 2
  attachedParticales: {fileID: 6223840939106001293}
  valueToIncreasePerSec: 0.5
  refillWaitAfterEmptyTime: 0
  onFillStatus:
    m_PersistentCalls:
      m_Calls: []
    m_TypeName: Dweiss.EventBool, Assembly-CSharp, Version=0.0.0.0, Culture=neutral,
      PublicKeyToken=null
  onParticalesEnded:
    m_PersistentCalls:
      m_Calls: []
    m_TypeName: Dweiss.EventMonoBehaviour, Assembly-CSharp, Version=0.0.0.0, Culture=neutral,
      PublicKeyToken=null
--- !u!114 &3584612179316200446
MonoBehaviour:
  m_ObjectHideFlags: 0
  m_CorrespondingSourceObject: {fileID: 0}
  m_PrefabInstance: {fileID: 0}
  m_PrefabAsset: {fileID: 0}
  m_GameObject: {fileID: 3885726768030761118}
  m_Enabled: 1
  m_EditorHideFlags: 0
  m_Script: {fileID: 11500000, guid: 82a463f8210d2cf418163c09ccc2618e, type: 3}
  m_Name: 
  m_EditorClassIdentifier: 
  maxTimeToRemove: 2
  attachedParticales: {fileID: 6223840938809972844}
  valueToIncreasePerSec: 0.5
  refillWaitAfterEmptyTime: 0
  onFillStatus:
    m_PersistentCalls:
      m_Calls: []
    m_TypeName: Dweiss.EventBool, Assembly-CSharp, Version=0.0.0.0, Culture=neutral,
      PublicKeyToken=null
  onParticalesEnded:
    m_PersistentCalls:
      m_Calls: []
    m_TypeName: Dweiss.EventMonoBehaviour, Assembly-CSharp, Version=0.0.0.0, Culture=neutral,
      PublicKeyToken=null
--- !u!114 &2701037117309803576
MonoBehaviour:
  m_ObjectHideFlags: 0
  m_CorrespondingSourceObject: {fileID: 0}
  m_PrefabInstance: {fileID: 0}
  m_PrefabAsset: {fileID: 0}
  m_GameObject: {fileID: 4211708874424510387}
  m_Enabled: 1
  m_EditorHideFlags: 0
  m_Script: {fileID: 11500000, guid: 82a463f8210d2cf418163c09ccc2618e, type: 3}
  m_Name: 
  m_EditorClassIdentifier: 
  maxTimeToRemove: 2
  attachedParticales: {fileID: 6467634551908794177}
  valueToIncreasePerSec: 0.5
  refillWaitAfterEmptyTime: 0
  onFillStatus:
    m_PersistentCalls:
      m_Calls: []
    m_TypeName: Dweiss.EventBool, Assembly-CSharp, Version=0.0.0.0, Culture=neutral,
      PublicKeyToken=null
  onParticalesEnded:
    m_PersistentCalls:
      m_Calls: []
    m_TypeName: Dweiss.EventMonoBehaviour, Assembly-CSharp, Version=0.0.0.0, Culture=neutral,
      PublicKeyToken=null
--- !u!1001 &2124828534776005693
PrefabInstance:
  m_ObjectHideFlags: 0
  serializedVersion: 2
  m_Modification:
    m_TransformParent: {fileID: 9058410106400071171}
    m_Modifications:
    - target: {fileID: 2265419708337993481, guid: fd898e5dc7eeace449b565bf04532ea2,
        type: 3}
      propertyPath: m_Name
      value: Interactive-ACTIVE
      objectReference: {fileID: 0}
    - target: {fileID: 2265419708337993481, guid: fd898e5dc7eeace449b565bf04532ea2,
        type: 3}
      propertyPath: m_IsActive
      value: 1
      objectReference: {fileID: 0}
    - target: {fileID: 2311236706829050754, guid: fd898e5dc7eeace449b565bf04532ea2,
        type: 3}
      propertyPath: m_LocalPosition.x
      value: 0
      objectReference: {fileID: 0}
    - target: {fileID: 2311236706829050754, guid: fd898e5dc7eeace449b565bf04532ea2,
        type: 3}
      propertyPath: m_LocalPosition.y
      value: 0.5
      objectReference: {fileID: 0}
    - target: {fileID: 2311236706829050754, guid: fd898e5dc7eeace449b565bf04532ea2,
        type: 3}
      propertyPath: m_LocalPosition.z
      value: 0
      objectReference: {fileID: 0}
    - target: {fileID: 2311236706829050754, guid: fd898e5dc7eeace449b565bf04532ea2,
        type: 3}
      propertyPath: m_LocalRotation.x
      value: -0
      objectReference: {fileID: 0}
    - target: {fileID: 2311236706829050754, guid: fd898e5dc7eeace449b565bf04532ea2,
        type: 3}
      propertyPath: m_LocalRotation.y
      value: -0
      objectReference: {fileID: 0}
    - target: {fileID: 2311236706829050754, guid: fd898e5dc7eeace449b565bf04532ea2,
        type: 3}
      propertyPath: m_LocalRotation.z
      value: -0
      objectReference: {fileID: 0}
    - target: {fileID: 2311236706829050754, guid: fd898e5dc7eeace449b565bf04532ea2,
        type: 3}
      propertyPath: m_LocalRotation.w
      value: 1
      objectReference: {fileID: 0}
    - target: {fileID: 2311236706829050754, guid: fd898e5dc7eeace449b565bf04532ea2,
        type: 3}
      propertyPath: m_RootOrder
      value: 1
      objectReference: {fileID: 0}
    - target: {fileID: 2311236706829050754, guid: fd898e5dc7eeace449b565bf04532ea2,
        type: 3}
      propertyPath: m_LocalEulerAnglesHint.x
      value: 0
      objectReference: {fileID: 0}
    - target: {fileID: 2311236706829050754, guid: fd898e5dc7eeace449b565bf04532ea2,
        type: 3}
      propertyPath: m_LocalEulerAnglesHint.y
      value: 0
      objectReference: {fileID: 0}
    - target: {fileID: 2311236706829050754, guid: fd898e5dc7eeace449b565bf04532ea2,
        type: 3}
      propertyPath: m_LocalEulerAnglesHint.z
      value: 0
      objectReference: {fileID: 0}
    - target: {fileID: 1347696960095651298, guid: fd898e5dc7eeace449b565bf04532ea2,
        type: 3}
      propertyPath: reducers.Array.size
      value: 4
      objectReference: {fileID: 0}
    - target: {fileID: 1347696960095651298, guid: fd898e5dc7eeace449b565bf04532ea2,
        type: 3}
      propertyPath: reducers.Array.data[4]
      value: 
      objectReference: {fileID: 3155885622150670818}
    - target: {fileID: 1347696960095651298, guid: fd898e5dc7eeace449b565bf04532ea2,
        type: 3}
      propertyPath: reducers.Array.data[5]
      value: 
      objectReference: {fileID: 6152272352335611464}
    - target: {fileID: 1347696960095651298, guid: fd898e5dc7eeace449b565bf04532ea2,
        type: 3}
      propertyPath: reducers.Array.data[6]
      value: 
      objectReference: {fileID: 0}
    - target: {fileID: 1347696960095651298, guid: fd898e5dc7eeace449b565bf04532ea2,
        type: 3}
      propertyPath: reducers.Array.data[7]
      value: 
      objectReference: {fileID: 0}
    - target: {fileID: 1347696960095651298, guid: fd898e5dc7eeace449b565bf04532ea2,
        type: 3}
      propertyPath: lengthOfTimeOfDeathEffects
      value: 1.5
      objectReference: {fileID: 0}
    - target: {fileID: 1347696960095651298, guid: fd898e5dc7eeace449b565bf04532ea2,
        type: 3}
      propertyPath: useReductionOne
      value: 0
      objectReference: {fileID: 0}
    - target: {fileID: 1347696960095651298, guid: fd898e5dc7eeace449b565bf04532ea2,
        type: 3}
      propertyPath: destroyOnEndDelay
      value: 3.5
      objectReference: {fileID: 0}
    - target: {fileID: 6580474495243018616, guid: fd898e5dc7eeace449b565bf04532ea2,
        type: 3}
      propertyPath: m_IsActive
      value: 0
      objectReference: {fileID: 0}
    - target: {fileID: 6580474495243018616, guid: fd898e5dc7eeace449b565bf04532ea2,
        type: 3}
      propertyPath: m_Name
      value: group-DISABLED
      objectReference: {fileID: 0}
    m_RemovedComponents: []
  m_SourcePrefab: {fileID: 100100000, guid: fd898e5dc7eeace449b565bf04532ea2, type: 3}
--- !u!4 &4426969995306837951 stripped
Transform:
  m_CorrespondingSourceObject: {fileID: 2311236706829050754, guid: fd898e5dc7eeace449b565bf04532ea2,
    type: 3}
  m_PrefabInstance: {fileID: 2124828534776005693}
  m_PrefabAsset: {fileID: 0}
--- !u!114 &3155885622150670818 stripped
MonoBehaviour:
  m_CorrespondingSourceObject: {fileID: 3942651935424622047, guid: fd898e5dc7eeace449b565bf04532ea2,
    type: 3}
  m_PrefabInstance: {fileID: 2124828534776005693}
  m_PrefabAsset: {fileID: 0}
  m_GameObject: {fileID: 0}
  m_Enabled: 1
  m_EditorHideFlags: 0
  m_Script: {fileID: 11500000, guid: 82a463f8210d2cf418163c09ccc2618e, type: 3}
  m_Name: 
  m_EditorClassIdentifier: 
--- !u!114 &6152272352335611464 stripped
MonoBehaviour:
  m_CorrespondingSourceObject: {fileID: 5196497908859126389, guid: fd898e5dc7eeace449b565bf04532ea2,
    type: 3}
  m_PrefabInstance: {fileID: 2124828534776005693}
  m_PrefabAsset: {fileID: 0}
  m_GameObject: {fileID: 0}
  m_Enabled: 1
  m_EditorHideFlags: 0
  m_Script: {fileID: 11500000, guid: 82a463f8210d2cf418163c09ccc2618e, type: 3}
  m_Name: 
  m_EditorClassIdentifier: 
--- !u!1001 &8751616259996483976
PrefabInstance:
  m_ObjectHideFlags: 0
  serializedVersion: 2
  m_Modification:
    m_TransformParent: {fileID: 9058410106400071171}
    m_Modifications:
    - target: {fileID: 8557526252036327729, guid: 82da3edbfd0dd654a8858cc671a4d583,
        type: 3}
      propertyPath: m_Name
      value: SmokeForFeel-ACTIVE
      objectReference: {fileID: 0}
    - target: {fileID: 8557526252036327728, guid: 82da3edbfd0dd654a8858cc671a4d583,
        type: 3}
      propertyPath: m_LocalPosition.x
      value: 0
      objectReference: {fileID: 0}
    - target: {fileID: 8557526252036327728, guid: 82da3edbfd0dd654a8858cc671a4d583,
        type: 3}
      propertyPath: m_LocalPosition.y
      value: 0
      objectReference: {fileID: 0}
    - target: {fileID: 8557526252036327728, guid: 82da3edbfd0dd654a8858cc671a4d583,
        type: 3}
      propertyPath: m_LocalPosition.z
      value: 0
      objectReference: {fileID: 0}
    - target: {fileID: 8557526252036327728, guid: 82da3edbfd0dd654a8858cc671a4d583,
        type: 3}
      propertyPath: m_LocalRotation.x
      value: -0
      objectReference: {fileID: 0}
    - target: {fileID: 8557526252036327728, guid: 82da3edbfd0dd654a8858cc671a4d583,
        type: 3}
      propertyPath: m_LocalRotation.y
      value: -0
      objectReference: {fileID: 0}
    - target: {fileID: 8557526252036327728, guid: 82da3edbfd0dd654a8858cc671a4d583,
        type: 3}
      propertyPath: m_LocalRotation.z
      value: -0
      objectReference: {fileID: 0}
    - target: {fileID: 8557526252036327728, guid: 82da3edbfd0dd654a8858cc671a4d583,
        type: 3}
      propertyPath: m_LocalRotation.w
      value: 1
      objectReference: {fileID: 0}
    - target: {fileID: 8557526252036327728, guid: 82da3edbfd0dd654a8858cc671a4d583,
        type: 3}
      propertyPath: m_RootOrder
      value: 0
      objectReference: {fileID: 0}
    - target: {fileID: 8557526252036327728, guid: 82da3edbfd0dd654a8858cc671a4d583,
        type: 3}
      propertyPath: m_LocalEulerAnglesHint.x
      value: 0
      objectReference: {fileID: 0}
    - target: {fileID: 8557526252036327728, guid: 82da3edbfd0dd654a8858cc671a4d583,
        type: 3}
      propertyPath: m_LocalEulerAnglesHint.y
      value: 0
      objectReference: {fileID: 0}
    - target: {fileID: 8557526252036327728, guid: 82da3edbfd0dd654a8858cc671a4d583,
        type: 3}
      propertyPath: m_LocalEulerAnglesHint.z
      value: 0
      objectReference: {fileID: 0}
    - target: {fileID: 1760049850293918352, guid: 82da3edbfd0dd654a8858cc671a4d583,
        type: 3}
      propertyPath: m_LocalScale.x
      value: 11.992051
      objectReference: {fileID: 0}
    - target: {fileID: 1760049850293918352, guid: 82da3edbfd0dd654a8858cc671a4d583,
        type: 3}
      propertyPath: m_LocalScale.y
      value: 11.992062
      objectReference: {fileID: 0}
    - target: {fileID: 1760049850293918352, guid: 82da3edbfd0dd654a8858cc671a4d583,
        type: 3}
      propertyPath: m_LocalScale.z
      value: 11.992062
      objectReference: {fileID: 0}
    - target: {fileID: 7612444968237275164, guid: 82da3edbfd0dd654a8858cc671a4d583,
        type: 3}
      propertyPath: m_IsActive
      value: 1
      objectReference: {fileID: 0}
    - target: {fileID: 5521170660922226935, guid: 82da3edbfd0dd654a8858cc671a4d583,
        type: 3}
      propertyPath: m_IsActive
      value: 0
      objectReference: {fileID: 0}
    - target: {fileID: 5521170660663804182, guid: 82da3edbfd0dd654a8858cc671a4d583,
        type: 3}
      propertyPath: m_IsActive
      value: 0
      objectReference: {fileID: 0}
    - target: {fileID: 4828142984819205691, guid: 82da3edbfd0dd654a8858cc671a4d583,
        type: 3}
      propertyPath: m_IsActive
      value: 1
      objectReference: {fileID: 0}
    - target: {fileID: 727208117292499182, guid: 82da3edbfd0dd654a8858cc671a4d583,
        type: 3}
      propertyPath: InitialModule.startColor.maxColor.r
      value: 0.41509432
      objectReference: {fileID: 0}
    - target: {fileID: 727208117292499182, guid: 82da3edbfd0dd654a8858cc671a4d583,
        type: 3}
      propertyPath: InitialModule.startColor.maxColor.g
      value: 0.40530434
      objectReference: {fileID: 0}
    - target: {fileID: 727208117292499182, guid: 82da3edbfd0dd654a8858cc671a4d583,
        type: 3}
      propertyPath: InitialModule.startColor.maxColor.b
      value: 0.40530434
      objectReference: {fileID: 0}
    - target: {fileID: 727208117292499182, guid: 82da3edbfd0dd654a8858cc671a4d583,
        type: 3}
      propertyPath: InitialModule.maxNumParticles
      value: 500
      objectReference: {fileID: 0}
    - target: {fileID: 727208117292499182, guid: 82da3edbfd0dd654a8858cc671a4d583,
        type: 3}
      propertyPath: InitialModule.gravityModifier.scalar
      value: -0.3
      objectReference: {fileID: 0}
    - target: {fileID: 1760049851278938488, guid: 82da3edbfd0dd654a8858cc671a4d583,
        type: 3}
      propertyPath: m_LocalPosition.y
      value: 0.51
      objectReference: {fileID: 0}
    - target: {fileID: 1760049851278938488, guid: 82da3edbfd0dd654a8858cc671a4d583,
        type: 3}
      propertyPath: m_LocalPosition.z
      value: -0
      objectReference: {fileID: 0}
    - target: {fileID: 1760049851278938488, guid: 82da3edbfd0dd654a8858cc671a4d583,
        type: 3}
      propertyPath: m_LocalScale.x
      value: 14.282606
      objectReference: {fileID: 0}
    - target: {fileID: 1760049851278938488, guid: 82da3edbfd0dd654a8858cc671a4d583,
        type: 3}
      propertyPath: m_LocalScale.y
      value: 14.2826185
      objectReference: {fileID: 0}
    - target: {fileID: 1760049851278938488, guid: 82da3edbfd0dd654a8858cc671a4d583,
        type: 3}
      propertyPath: m_LocalScale.z
      value: 14.2826185
      objectReference: {fileID: 0}
    - target: {fileID: 3611254326800188757, guid: 82da3edbfd0dd654a8858cc671a4d583,
        type: 3}
      propertyPath: InitialModule.startColor.maxColor.r
      value: 0.5660378
      objectReference: {fileID: 0}
    - target: {fileID: 3611254326800188757, guid: 82da3edbfd0dd654a8858cc671a4d583,
        type: 3}
      propertyPath: InitialModule.startColor.maxColor.g
      value: 0.5660378
      objectReference: {fileID: 0}
    - target: {fileID: 3611254326800188757, guid: 82da3edbfd0dd654a8858cc671a4d583,
        type: 3}
      propertyPath: InitialModule.startColor.maxColor.b
      value: 0.5660378
      objectReference: {fileID: 0}
    - target: {fileID: 3611254326800188757, guid: 82da3edbfd0dd654a8858cc671a4d583,
        type: 3}
      propertyPath: InitialModule.startSize.scalar
      value: 2
      objectReference: {fileID: 0}
    m_RemovedComponents: []
  m_SourcePrefab: {fileID: 100100000, guid: 82da3edbfd0dd654a8858cc671a4d583, type: 3}
--- !u!1 &1130839289071601849 stripped
GameObject:
  m_CorrespondingSourceObject: {fileID: 8557526252036327729, guid: 82da3edbfd0dd654a8858cc671a4d583,
    type: 3}
  m_PrefabInstance: {fileID: 8751616259996483976}
  m_PrefabAsset: {fileID: 0}
--- !u!4 &1130839289071601848 stripped
Transform:
  m_CorrespondingSourceObject: {fileID: 8557526252036327728, guid: 82da3edbfd0dd654a8858cc671a4d583,
    type: 3}
  m_PrefabInstance: {fileID: 8751616259996483976}
  m_PrefabAsset: {fileID: 0}
--- !u!1 &2944621332306810823 stripped
GameObject:
  m_CorrespondingSourceObject: {fileID: 5885810120598804047, guid: 82da3edbfd0dd654a8858cc671a4d583,
    type: 3}
  m_PrefabInstance: {fileID: 8751616259996483976}
  m_PrefabAsset: {fileID: 0}
--- !u!198 &5435347992721837877 stripped
ParticleSystem:
  m_CorrespondingSourceObject: {fileID: 3611254327417425597, guid: 82da3edbfd0dd654a8858cc671a4d583,
    type: 3}
  m_PrefabInstance: {fileID: 8751616259996483976}
  m_PrefabAsset: {fileID: 0}
--- !u!1 &1213485643357854100 stripped
GameObject:
  m_CorrespondingSourceObject: {fileID: 7612444968237275164, guid: 82da3edbfd0dd654a8858cc671a4d583,
    type: 3}
  m_PrefabInstance: {fileID: 8751616259996483976}
  m_PrefabAsset: {fileID: 0}
--- !u!198 &8314897740507087206 stripped
ParticleSystem:
  m_CorrespondingSourceObject: {fileID: 727208117292499182, guid: 82da3edbfd0dd654a8858cc671a4d583,
    type: 3}
  m_PrefabInstance: {fileID: 8751616259996483976}
  m_PrefabAsset: {fileID: 0}
--- !u!1 &4211708874424510387 stripped
GameObject:
  m_CorrespondingSourceObject: {fileID: 4828142984819205691, guid: 82da3edbfd0dd654a8858cc671a4d583,
    type: 3}
  m_PrefabInstance: {fileID: 8751616259996483976}
  m_PrefabAsset: {fileID: 0}
--- !u!198 &6467634551908794177 stripped
ParticleSystem:
  m_CorrespondingSourceObject: {fileID: 2356046458614939337, guid: 82da3edbfd0dd654a8858cc671a4d583,
    type: 3}
  m_PrefabInstance: {fileID: 8751616259996483976}
  m_PrefabAsset: {fileID: 0}
--- !u!1 &3885726768030761118 stripped
GameObject:
  m_CorrespondingSourceObject: {fileID: 5521170660663804182, guid: 82da3edbfd0dd654a8858cc671a4d583,
    type: 3}
  m_PrefabInstance: {fileID: 8751616259996483976}
  m_PrefabAsset: {fileID: 0}
--- !u!198 &6223840938809972844 stripped
ParticleSystem:
  m_CorrespondingSourceObject: {fileID: 3399226805751831012, guid: 82da3edbfd0dd654a8858cc671a4d583,
    type: 3}
  m_PrefabInstance: {fileID: 8751616259996483976}
  m_PrefabAsset: {fileID: 0}
--- !u!1 &3885726767768172927 stripped
GameObject:
  m_CorrespondingSourceObject: {fileID: 5521170660922226935, guid: 82da3edbfd0dd654a8858cc671a4d583,
    type: 3}
  m_PrefabInstance: {fileID: 8751616259996483976}
  m_PrefabAsset: {fileID: 0}
--- !u!198 &6223840939106001293 stripped
ParticleSystem:
  m_CorrespondingSourceObject: {fileID: 3399226805460000773, guid: 82da3edbfd0dd654a8858cc671a4d583,
    type: 3}
  m_PrefabInstance: {fileID: 8751616259996483976}
  m_PrefabAsset: {fileID: 0}
