%YAML 1.1
%TAG !u! tag:unity3d.com,2011:
--- !u!1 &8557526252036327729
GameObject:
  m_ObjectHideFlags: 0
  m_CorrespondingSourceObject: {fileID: 0}
  m_PrefabInstance: {fileID: 0}
  m_PrefabAsset: {fileID: 0}
  serializedVersion: 6
  m_Component:
  - component: {fileID: 8557526252036327728}
  m_Layer: 0
  m_Name: SmokeForFeel
  m_TagString: Untagged
  m_Icon: {fileID: 0}
  m_NavMeshLayer: 0
  m_StaticEditorFlags: 0
  m_IsActive: 1
--- !u!4 &8557526252036327728
Transform:
  m_ObjectHideFlags: 0
  m_CorrespondingSourceObject: {fileID: 0}
  m_PrefabInstance: {fileID: 0}
  m_PrefabAsset: {fileID: 0}
  m_GameObject: {fileID: 8557526252036327729}
  m_LocalRotation: {x: 0, y: 0, z: 0, w: 1}
  m_LocalPosition: {x: 0, y: 0, z: 0}
  m_LocalScale: {x: 1, y: 1, z: 1}
  m_Children:
  - {fileID: 1760049850293918352}
  - {fileID: 2334759344550270147}
  - {fileID: 775586068387736292}
  - {fileID: 386551368403619273}
  - {fileID: 386551368663217192}
  m_Father: {fileID: 0}
  m_RootOrder: 0
  m_LocalEulerAnglesHint: {x: 0, y: 0, z: 0}
--- !u!1001 &1652673099
PrefabInstance:
  m_ObjectHideFlags: 0
  serializedVersion: 2
  m_Modification:
    m_TransformParent: {fileID: 8557526252036327728}
    m_Modifications:
    - target: {fileID: 5521170661484147388, guid: 70e45fda26f06cd48adc1cc5cd84179a,
        type: 3}
      propertyPath: m_Name
      value: SmokeDonut (7)
      objectReference: {fileID: 0}
    - target: {fileID: 5521170661484147388, guid: 70e45fda26f06cd48adc1cc5cd84179a,
        type: 3}
      propertyPath: m_IsActive
      value: 0
      objectReference: {fileID: 0}
    - target: {fileID: 386551367077822051, guid: 70e45fda26f06cd48adc1cc5cd84179a,
        type: 3}
      propertyPath: m_LocalScale.y
      value: 5
      objectReference: {fileID: 0}
    - target: {fileID: 386551367077822051, guid: 70e45fda26f06cd48adc1cc5cd84179a,
        type: 3}
      propertyPath: m_LocalScale.z
      value: 5
      objectReference: {fileID: 0}
    - target: {fileID: 386551367077822051, guid: 70e45fda26f06cd48adc1cc5cd84179a,
        type: 3}
      propertyPath: m_LocalRotation.y
      value: -0
      objectReference: {fileID: 0}
    - target: {fileID: 386551367077822051, guid: 70e45fda26f06cd48adc1cc5cd84179a,
        type: 3}
      propertyPath: m_LocalRotation.z
      value: -0
      objectReference: {fileID: 0}
    - target: {fileID: 386551367077822051, guid: 70e45fda26f06cd48adc1cc5cd84179a,
        type: 3}
      propertyPath: m_LocalScale.x
      value: 5
      objectReference: {fileID: 0}
    - target: {fileID: 386551367077822051, guid: 70e45fda26f06cd48adc1cc5cd84179a,
        type: 3}
      propertyPath: m_RootOrder
      value: 4
      objectReference: {fileID: 0}
    - target: {fileID: 386551367077822051, guid: 70e45fda26f06cd48adc1cc5cd84179a,
        type: 3}
      propertyPath: m_LocalRotation.x
      value: 0.7071068
      objectReference: {fileID: 0}
    - target: {fileID: 386551367077822051, guid: 70e45fda26f06cd48adc1cc5cd84179a,
        type: 3}
      propertyPath: m_LocalRotation.w
      value: 0.7071068
      objectReference: {fileID: 0}
    - target: {fileID: 386551367077822051, guid: 70e45fda26f06cd48adc1cc5cd84179a,
        type: 3}
      propertyPath: m_LocalEulerAnglesHint.x
      value: 90
      objectReference: {fileID: 0}
    - target: {fileID: 386551367077822051, guid: 70e45fda26f06cd48adc1cc5cd84179a,
        type: 3}
      propertyPath: m_LocalEulerAnglesHint.y
      value: 0
      objectReference: {fileID: 0}
    - target: {fileID: 386551367077822051, guid: 70e45fda26f06cd48adc1cc5cd84179a,
        type: 3}
      propertyPath: m_LocalEulerAnglesHint.z
      value: 0
      objectReference: {fileID: 0}
    - target: {fileID: 386551367077822051, guid: 70e45fda26f06cd48adc1cc5cd84179a,
        type: 3}
      propertyPath: m_LocalPosition.y
      value: 0.42000002
      objectReference: {fileID: 0}
    - target: {fileID: 386551367077822051, guid: 70e45fda26f06cd48adc1cc5cd84179a,
        type: 3}
      propertyPath: m_LocalPosition.z
      value: 0
      objectReference: {fileID: 0}
    - target: {fileID: 386551367077822051, guid: 70e45fda26f06cd48adc1cc5cd84179a,
        type: 3}
      propertyPath: m_LocalPosition.x
      value: 0
      objectReference: {fileID: 0}
    - target: {fileID: 517103818785327054, guid: 70e45fda26f06cd48adc1cc5cd84179a,
        type: 3}
      propertyPath: m_Materials.Array.data[0]
      value: 
      objectReference: {fileID: 2100000, guid: 88c4cbcd24d532b4ca74fe25ce873072, type: 2}
    - target: {fileID: 3399226807045335630, guid: 70e45fda26f06cd48adc1cc5cd84179a,
        type: 3}
      propertyPath: InitialModule.startSpeed.scalar
      value: -1.5
      objectReference: {fileID: 0}
    - target: {fileID: 3399226807045335630, guid: 70e45fda26f06cd48adc1cc5cd84179a,
        type: 3}
      propertyPath: InitialModule.maxNumParticles
      value: 333
      objectReference: {fileID: 0}
    - target: {fileID: 3399226807045335630, guid: 70e45fda26f06cd48adc1cc5cd84179a,
        type: 3}
      propertyPath: InitialModule.gravityModifier.scalar
      value: 0
      objectReference: {fileID: 0}
    - target: {fileID: 3399226807045335630, guid: 70e45fda26f06cd48adc1cc5cd84179a,
        type: 3}
      propertyPath: EmissionModule.rateOverTime.scalar
      value: 33
      objectReference: {fileID: 0}
    - target: {fileID: 3399226807045335630, guid: 70e45fda26f06cd48adc1cc5cd84179a,
        type: 3}
      propertyPath: ColorModule.enabled
      value: 0
      objectReference: {fileID: 0}
    - target: {fileID: 3399226807045335630, guid: 70e45fda26f06cd48adc1cc5cd84179a,
        type: 3}
      propertyPath: ColorModule.gradient.maxGradient.key0.a
      value: 0.96862745
      objectReference: {fileID: 0}
    - target: {fileID: 3399226807045335630, guid: 70e45fda26f06cd48adc1cc5cd84179a,
        type: 3}
      propertyPath: ColorModule.gradient.maxGradient.key1.a
      value: 0.7764706
      objectReference: {fileID: 0}
    - target: {fileID: 3399226807045335630, guid: 70e45fda26f06cd48adc1cc5cd84179a,
        type: 3}
      propertyPath: ShapeModule.type
      value: 4
      objectReference: {fileID: 0}
    - target: {fileID: 3399226807045335630, guid: 70e45fda26f06cd48adc1cc5cd84179a,
        type: 3}
      propertyPath: ShapeModule.radius.value
      value: 1.1827728
      objectReference: {fileID: 0}
    - target: {fileID: 3399226807045335630, guid: 70e45fda26f06cd48adc1cc5cd84179a,
        type: 3}
      propertyPath: ShapeModule.angle
      value: 22.383026
      objectReference: {fileID: 0}
    - target: {fileID: 3399226807045335630, guid: 70e45fda26f06cd48adc1cc5cd84179a,
        type: 3}
      propertyPath: ShapeModule.radiusThickness
      value: 0.88
      objectReference: {fileID: 0}
    m_RemovedComponents: []
  m_SourcePrefab: {fileID: 100100000, guid: 70e45fda26f06cd48adc1cc5cd84179a, type: 3}
--- !u!4 &386551368663217192 stripped
Transform:
  m_CorrespondingSourceObject: {fileID: 386551367077822051, guid: 70e45fda26f06cd48adc1cc5cd84179a,
    type: 3}
  m_PrefabInstance: {fileID: 1652673099}
  m_PrefabAsset: {fileID: 0}
--- !u!1001 &1933505450
PrefabInstance:
  m_ObjectHideFlags: 0
  serializedVersion: 2
  m_Modification:
    m_TransformParent: {fileID: 8557526252036327728}
    m_Modifications:
    - target: {fileID: 5521170661484147388, guid: 70e45fda26f06cd48adc1cc5cd84179a,
        type: 3}
      propertyPath: m_Name
      value: SmokeDonut (6)
      objectReference: {fileID: 0}
    - target: {fileID: 5521170661484147388, guid: 70e45fda26f06cd48adc1cc5cd84179a,
        type: 3}
      propertyPath: m_IsActive
      value: 0
      objectReference: {fileID: 0}
    - target: {fileID: 386551367077822051, guid: 70e45fda26f06cd48adc1cc5cd84179a,
        type: 3}
      propertyPath: m_LocalScale.y
      value: 30.000055
      objectReference: {fileID: 0}
    - target: {fileID: 386551367077822051, guid: 70e45fda26f06cd48adc1cc5cd84179a,
        type: 3}
      propertyPath: m_LocalScale.z
      value: 12.515923
      objectReference: {fileID: 0}
    - target: {fileID: 386551367077822051, guid: 70e45fda26f06cd48adc1cc5cd84179a,
        type: 3}
      propertyPath: m_RootOrder
      value: 3
      objectReference: {fileID: 0}
    - target: {fileID: 386551367077822051, guid: 70e45fda26f06cd48adc1cc5cd84179a,
        type: 3}
      propertyPath: m_LocalRotation.y
      value: -0
      objectReference: {fileID: 0}
    - target: {fileID: 386551367077822051, guid: 70e45fda26f06cd48adc1cc5cd84179a,
        type: 3}
      propertyPath: m_LocalRotation.z
      value: -0
      objectReference: {fileID: 0}
    - target: {fileID: 386551367077822051, guid: 70e45fda26f06cd48adc1cc5cd84179a,
        type: 3}
      propertyPath: m_LocalScale.x
      value: 30
      objectReference: {fileID: 0}
    - target: {fileID: 386551367077822051, guid: 70e45fda26f06cd48adc1cc5cd84179a,
        type: 3}
      propertyPath: m_LocalPosition.x
      value: 0
      objectReference: {fileID: 0}
    - target: {fileID: 386551367077822051, guid: 70e45fda26f06cd48adc1cc5cd84179a,
        type: 3}
      propertyPath: m_LocalPosition.y
      value: 4.1
      objectReference: {fileID: 0}
    - target: {fileID: 386551367077822051, guid: 70e45fda26f06cd48adc1cc5cd84179a,
        type: 3}
      propertyPath: m_LocalPosition.z
      value: 0
      objectReference: {fileID: 0}
    - target: {fileID: 517103818785327054, guid: 70e45fda26f06cd48adc1cc5cd84179a,
        type: 3}
      propertyPath: m_Materials.Array.data[0]
      value: 
      objectReference: {fileID: 2100000, guid: 88c4cbcd24d532b4ca74fe25ce873072, type: 2}
    - target: {fileID: 3399226807045335630, guid: 70e45fda26f06cd48adc1cc5cd84179a,
        type: 3}
      propertyPath: InitialModule.maxNumParticles
      value: 333
      objectReference: {fileID: 0}
    - target: {fileID: 3399226807045335630, guid: 70e45fda26f06cd48adc1cc5cd84179a,
        type: 3}
      propertyPath: EmissionModule.rateOverTime.scalar
      value: 33
      objectReference: {fileID: 0}
    - target: {fileID: 3399226807045335630, guid: 70e45fda26f06cd48adc1cc5cd84179a,
        type: 3}
      propertyPath: ColorModule.enabled
      value: 0
      objectReference: {fileID: 0}
    - target: {fileID: 3399226807045335630, guid: 70e45fda26f06cd48adc1cc5cd84179a,
        type: 3}
      propertyPath: ColorModule.gradient.maxGradient.key0.a
      value: 0.96862745
      objectReference: {fileID: 0}
    - target: {fileID: 3399226807045335630, guid: 70e45fda26f06cd48adc1cc5cd84179a,
        type: 3}
      propertyPath: ColorModule.gradient.maxGradient.key1.a
      value: 0.7764706
      objectReference: {fileID: 0}
    m_RemovedComponents: []
  m_SourcePrefab: {fileID: 100100000, guid: 70e45fda26f06cd48adc1cc5cd84179a, type: 3}
--- !u!4 &386551368403619273 stripped
Transform:
  m_CorrespondingSourceObject: {fileID: 386551367077822051, guid: 70e45fda26f06cd48adc1cc5cd84179a,
    type: 3}
  m_PrefabInstance: {fileID: 1933505450}
  m_PrefabAsset: {fileID: 0}
--- !u!1001 &1125373241190470791
PrefabInstance:
  m_ObjectHideFlags: 0
  serializedVersion: 2
  m_Modification:
    m_TransformParent: {fileID: 8557526252036327728}
    m_Modifications:
    - target: {fileID: 5521170661484147388, guid: 70e45fda26f06cd48adc1cc5cd84179a,
        type: 3}
      propertyPath: m_Name
      value: SmokeDonut (3)
      objectReference: {fileID: 0}
    - target: {fileID: 386551367077822051, guid: 70e45fda26f06cd48adc1cc5cd84179a,
        type: 3}
      propertyPath: m_LocalPosition.x
      value: 0
      objectReference: {fileID: 0}
    - target: {fileID: 386551367077822051, guid: 70e45fda26f06cd48adc1cc5cd84179a,
        type: 3}
      propertyPath: m_LocalPosition.y
      value: 0
      objectReference: {fileID: 0}
    - target: {fileID: 386551367077822051, guid: 70e45fda26f06cd48adc1cc5cd84179a,
        type: 3}
      propertyPath: m_LocalPosition.z
      value: 0
      objectReference: {fileID: 0}
    - target: {fileID: 386551367077822051, guid: 70e45fda26f06cd48adc1cc5cd84179a,
        type: 3}
      propertyPath: m_LocalRotation.x
      value: -0.7071068
      objectReference: {fileID: 0}
    - target: {fileID: 386551367077822051, guid: 70e45fda26f06cd48adc1cc5cd84179a,
        type: 3}
      propertyPath: m_LocalRotation.y
      value: -0
      objectReference: {fileID: 0}
    - target: {fileID: 386551367077822051, guid: 70e45fda26f06cd48adc1cc5cd84179a,
        type: 3}
      propertyPath: m_LocalRotation.z
      value: -0
      objectReference: {fileID: 0}
    - target: {fileID: 386551367077822051, guid: 70e45fda26f06cd48adc1cc5cd84179a,
        type: 3}
      propertyPath: m_LocalRotation.w
      value: 0.7071068
      objectReference: {fileID: 0}
    - target: {fileID: 386551367077822051, guid: 70e45fda26f06cd48adc1cc5cd84179a,
        type: 3}
      propertyPath: m_RootOrder
      value: 2
      objectReference: {fileID: 0}
    - target: {fileID: 386551367077822051, guid: 70e45fda26f06cd48adc1cc5cd84179a,
        type: 3}
      propertyPath: m_LocalEulerAnglesHint.x
      value: -90
      objectReference: {fileID: 0}
    - target: {fileID: 386551367077822051, guid: 70e45fda26f06cd48adc1cc5cd84179a,
        type: 3}
      propertyPath: m_LocalEulerAnglesHint.y
      value: 0
      objectReference: {fileID: 0}
    - target: {fileID: 386551367077822051, guid: 70e45fda26f06cd48adc1cc5cd84179a,
        type: 3}
      propertyPath: m_LocalEulerAnglesHint.z
      value: 0
      objectReference: {fileID: 0}
    - target: {fileID: 386551367077822051, guid: 70e45fda26f06cd48adc1cc5cd84179a,
        type: 3}
      propertyPath: m_LocalScale.x
      value: 12.51589
      objectReference: {fileID: 0}
    - target: {fileID: 386551367077822051, guid: 70e45fda26f06cd48adc1cc5cd84179a,
        type: 3}
      propertyPath: m_LocalScale.y
      value: 12.515905
      objectReference: {fileID: 0}
    - target: {fileID: 386551367077822051, guid: 70e45fda26f06cd48adc1cc5cd84179a,
        type: 3}
      propertyPath: m_LocalScale.z
      value: 12.515905
      objectReference: {fileID: 0}
    - target: {fileID: 517103818785327054, guid: 70e45fda26f06cd48adc1cc5cd84179a,
        type: 3}
      propertyPath: m_Materials.Array.data[0]
      value: 
      objectReference: {fileID: 2100000, guid: 88c4cbcd24d532b4ca74fe25ce873072, type: 2}
    - target: {fileID: 3399226807045335630, guid: 70e45fda26f06cd48adc1cc5cd84179a,
        type: 3}
      propertyPath: InitialModule.startSpeed.scalar
      value: -1
      objectReference: {fileID: 0}
    - target: {fileID: 3399226807045335630, guid: 70e45fda26f06cd48adc1cc5cd84179a,
        type: 3}
      propertyPath: InitialModule.maxNumParticles
      value: 333
      objectReference: {fileID: 0}
    - target: {fileID: 3399226807045335630, guid: 70e45fda26f06cd48adc1cc5cd84179a,
        type: 3}
      propertyPath: EmissionModule.rateOverTime.scalar
      value: 33
      objectReference: {fileID: 0}
    - target: {fileID: 3399226807045335630, guid: 70e45fda26f06cd48adc1cc5cd84179a,
        type: 3}
      propertyPath: ColorModule.enabled
      value: 0
      objectReference: {fileID: 0}
    - target: {fileID: 3399226807045335630, guid: 70e45fda26f06cd48adc1cc5cd84179a,
        type: 3}
      propertyPath: ColorModule.gradient.maxGradient.key0.a
      value: 0.96862745
      objectReference: {fileID: 0}
    - target: {fileID: 3399226807045335630, guid: 70e45fda26f06cd48adc1cc5cd84179a,
        type: 3}
      propertyPath: ColorModule.gradient.maxGradient.key1.a
      value: 0.7764706
      objectReference: {fileID: 0}
    m_RemovedComponents: []
  m_SourcePrefab: {fileID: 100100000, guid: 70e45fda26f06cd48adc1cc5cd84179a, type: 3}
--- !u!4 &775586068387736292 stripped
Transform:
  m_CorrespondingSourceObject: {fileID: 386551367077822051, guid: 70e45fda26f06cd48adc1cc5cd84179a,
    type: 3}
  m_PrefabInstance: {fileID: 1125373241190470791}
  m_PrefabAsset: {fileID: 0}
--- !u!1001 &2103667457261757683
PrefabInstance:
  m_ObjectHideFlags: 0
  serializedVersion: 2
  m_Modification:
    m_TransformParent: {fileID: 8557526252036327728}
    m_Modifications:
    - target: {fileID: 5521170661484147388, guid: 70e45fda26f06cd48adc1cc5cd84179a,
        type: 3}
      propertyPath: m_Name
      value: SmokeDonut (4)
      objectReference: {fileID: 0}
    - target: {fileID: 5521170661484147388, guid: 70e45fda26f06cd48adc1cc5cd84179a,
        type: 3}
      propertyPath: m_IsActive
      value: 0
      objectReference: {fileID: 0}
    - target: {fileID: 386551367077822051, guid: 70e45fda26f06cd48adc1cc5cd84179a,
        type: 3}
      propertyPath: m_LocalPosition.x
      value: 0
      objectReference: {fileID: 0}
    - target: {fileID: 386551367077822051, guid: 70e45fda26f06cd48adc1cc5cd84179a,
        type: 3}
      propertyPath: m_LocalPosition.y
      value: 0
      objectReference: {fileID: 0}
    - target: {fileID: 386551367077822051, guid: 70e45fda26f06cd48adc1cc5cd84179a,
        type: 3}
      propertyPath: m_LocalPosition.z
      value: 0
      objectReference: {fileID: 0}
    - target: {fileID: 386551367077822051, guid: 70e45fda26f06cd48adc1cc5cd84179a,
        type: 3}
      propertyPath: m_LocalRotation.x
      value: -0.7071068
      objectReference: {fileID: 0}
    - target: {fileID: 386551367077822051, guid: 70e45fda26f06cd48adc1cc5cd84179a,
        type: 3}
      propertyPath: m_LocalRotation.y
      value: -0
      objectReference: {fileID: 0}
    - target: {fileID: 386551367077822051, guid: 70e45fda26f06cd48adc1cc5cd84179a,
        type: 3}
      propertyPath: m_LocalRotation.z
      value: -0
      objectReference: {fileID: 0}
    - target: {fileID: 386551367077822051, guid: 70e45fda26f06cd48adc1cc5cd84179a,
        type: 3}
      propertyPath: m_LocalRotation.w
      value: 0.7071068
      objectReference: {fileID: 0}
    - target: {fileID: 386551367077822051, guid: 70e45fda26f06cd48adc1cc5cd84179a,
        type: 3}
      propertyPath: m_RootOrder
      value: 0
      objectReference: {fileID: 0}
    - target: {fileID: 386551367077822051, guid: 70e45fda26f06cd48adc1cc5cd84179a,
        type: 3}
      propertyPath: m_LocalEulerAnglesHint.x
      value: -90
      objectReference: {fileID: 0}
    - target: {fileID: 386551367077822051, guid: 70e45fda26f06cd48adc1cc5cd84179a,
        type: 3}
      propertyPath: m_LocalEulerAnglesHint.y
      value: 0
      objectReference: {fileID: 0}
    - target: {fileID: 386551367077822051, guid: 70e45fda26f06cd48adc1cc5cd84179a,
        type: 3}
      propertyPath: m_LocalEulerAnglesHint.z
      value: 0
      objectReference: {fileID: 0}
    - target: {fileID: 386551367077822051, guid: 70e45fda26f06cd48adc1cc5cd84179a,
        type: 3}
      propertyPath: m_LocalScale.x
      value: 1.1216999
      objectReference: {fileID: 0}
    - target: {fileID: 386551367077822051, guid: 70e45fda26f06cd48adc1cc5cd84179a,
        type: 3}
      propertyPath: m_LocalScale.y
      value: 1.1217009
      objectReference: {fileID: 0}
    - target: {fileID: 386551367077822051, guid: 70e45fda26f06cd48adc1cc5cd84179a,
        type: 3}
      propertyPath: m_LocalScale.z
      value: 1.1217009
      objectReference: {fileID: 0}
    - target: {fileID: 517103818785327054, guid: 70e45fda26f06cd48adc1cc5cd84179a,
        type: 3}
      propertyPath: m_Materials.Array.data[0]
      value: 
      objectReference: {fileID: 2100000, guid: a6d51c4afd5f66b429cf401e59d50e6b, type: 2}
    - target: {fileID: 3399226807045335630, guid: 70e45fda26f06cd48adc1cc5cd84179a,
        type: 3}
      propertyPath: prewarm
      value: 1
      objectReference: {fileID: 0}
    - target: {fileID: 3399226807045335630, guid: 70e45fda26f06cd48adc1cc5cd84179a,
        type: 3}
      propertyPath: InitialModule.startSpeed.scalar
      value: -1
      objectReference: {fileID: 0}
    - target: {fileID: 3399226807045335630, guid: 70e45fda26f06cd48adc1cc5cd84179a,
        type: 3}
      propertyPath: InitialModule.maxNumParticles
      value: 100
      objectReference: {fileID: 0}
    - target: {fileID: 3399226807045335630, guid: 70e45fda26f06cd48adc1cc5cd84179a,
        type: 3}
      propertyPath: InitialModule.gravityModifier.scalar
      value: -0.5
      objectReference: {fileID: 0}
    - target: {fileID: 3399226807045335630, guid: 70e45fda26f06cd48adc1cc5cd84179a,
        type: 3}
      propertyPath: EmissionModule.rateOverTime.scalar
      value: 10
      objectReference: {fileID: 0}
    - target: {fileID: 3399226807045335630, guid: 70e45fda26f06cd48adc1cc5cd84179a,
        type: 3}
      propertyPath: ColorModule.gradient.maxGradient.key0.a
      value: 0.96862745
      objectReference: {fileID: 0}
    - target: {fileID: 3399226807045335630, guid: 70e45fda26f06cd48adc1cc5cd84179a,
        type: 3}
      propertyPath: ColorModule.gradient.maxGradient.key1.a
      value: 0.7764706
      objectReference: {fileID: 0}
    m_RemovedComponents: []
  m_SourcePrefab: {fileID: 100100000, guid: 70e45fda26f06cd48adc1cc5cd84179a, type: 3}
--- !u!4 &1760049850293918352 stripped
Transform:
  m_CorrespondingSourceObject: {fileID: 386551367077822051, guid: 70e45fda26f06cd48adc1cc5cd84179a,
    type: 3}
  m_PrefabInstance: {fileID: 2103667457261757683}
  m_PrefabAsset: {fileID: 0}
--- !u!1001 &2683007569905855136
PrefabInstance:
  m_ObjectHideFlags: 0
  serializedVersion: 2
  m_Modification:
    m_TransformParent: {fileID: 8557526252036327728}
    m_Modifications:
    - target: {fileID: 5521170661484147388, guid: 70e45fda26f06cd48adc1cc5cd84179a,
        type: 3}
      propertyPath: m_Name
      value: SmokeDonut (2)
      objectReference: {fileID: 0}
    - target: {fileID: 386551367077822051, guid: 70e45fda26f06cd48adc1cc5cd84179a,
        type: 3}
      propertyPath: m_LocalPosition.x
      value: 0
      objectReference: {fileID: 0}
    - target: {fileID: 386551367077822051, guid: 70e45fda26f06cd48adc1cc5cd84179a,
        type: 3}
      propertyPath: m_LocalPosition.y
      value: 0
      objectReference: {fileID: 0}
    - target: {fileID: 386551367077822051, guid: 70e45fda26f06cd48adc1cc5cd84179a,
        type: 3}
      propertyPath: m_LocalPosition.z
      value: 0
      objectReference: {fileID: 0}
    - target: {fileID: 386551367077822051, guid: 70e45fda26f06cd48adc1cc5cd84179a,
        type: 3}
      propertyPath: m_LocalRotation.x
      value: -0.7071068
      objectReference: {fileID: 0}
    - target: {fileID: 386551367077822051, guid: 70e45fda26f06cd48adc1cc5cd84179a,
        type: 3}
      propertyPath: m_LocalRotation.y
      value: -0
      objectReference: {fileID: 0}
    - target: {fileID: 386551367077822051, guid: 70e45fda26f06cd48adc1cc5cd84179a,
        type: 3}
      propertyPath: m_LocalRotation.z
      value: -0
      objectReference: {fileID: 0}
    - target: {fileID: 386551367077822051, guid: 70e45fda26f06cd48adc1cc5cd84179a,
        type: 3}
      propertyPath: m_LocalRotation.w
      value: 0.7071068
      objectReference: {fileID: 0}
    - target: {fileID: 386551367077822051, guid: 70e45fda26f06cd48adc1cc5cd84179a,
        type: 3}
      propertyPath: m_RootOrder
      value: 1
      objectReference: {fileID: 0}
    - target: {fileID: 386551367077822051, guid: 70e45fda26f06cd48adc1cc5cd84179a,
        type: 3}
      propertyPath: m_LocalEulerAnglesHint.x
      value: -90
      objectReference: {fileID: 0}
    - target: {fileID: 386551367077822051, guid: 70e45fda26f06cd48adc1cc5cd84179a,
        type: 3}
      propertyPath: m_LocalEulerAnglesHint.y
      value: 0
      objectReference: {fileID: 0}
    - target: {fileID: 386551367077822051, guid: 70e45fda26f06cd48adc1cc5cd84179a,
        type: 3}
      propertyPath: m_LocalEulerAnglesHint.z
      value: 0
      objectReference: {fileID: 0}
    - target: {fileID: 386551367077822051, guid: 70e45fda26f06cd48adc1cc5cd84179a,
        type: 3}
      propertyPath: m_LocalScale.x
      value: 12.515884
      objectReference: {fileID: 0}
    - target: {fileID: 386551367077822051, guid: 70e45fda26f06cd48adc1cc5cd84179a,
        type: 3}
      propertyPath: m_LocalScale.y
      value: 12.515897
      objectReference: {fileID: 0}
    - target: {fileID: 386551367077822051, guid: 70e45fda26f06cd48adc1cc5cd84179a,
        type: 3}
      propertyPath: m_LocalScale.z
      value: 12.515897
      objectReference: {fileID: 0}
    - target: {fileID: 517103818785327054, guid: 70e45fda26f06cd48adc1cc5cd84179a,
        type: 3}
      propertyPath: m_Materials.Array.data[0]
      value: 
      objectReference: {fileID: 2100000, guid: 88c4cbcd24d532b4ca74fe25ce873072, type: 2}
    - target: {fileID: 3399226807045335630, guid: 70e45fda26f06cd48adc1cc5cd84179a,
        type: 3}
      propertyPath: InitialModule.maxNumParticles
      value: 333
      objectReference: {fileID: 0}
    - target: {fileID: 3399226807045335630, guid: 70e45fda26f06cd48adc1cc5cd84179a,
        type: 3}
      propertyPath: EmissionModule.rateOverTime.scalar
      value: 33
      objectReference: {fileID: 0}
    - target: {fileID: 3399226807045335630, guid: 70e45fda26f06cd48adc1cc5cd84179a,
        type: 3}
      propertyPath: ColorModule.enabled
      value: 0
      objectReference: {fileID: 0}
    - target: {fileID: 3399226807045335630, guid: 70e45fda26f06cd48adc1cc5cd84179a,
        type: 3}
      propertyPath: ColorModule.gradient.maxGradient.key0.a
      value: 0.96862745
      objectReference: {fileID: 0}
    - target: {fileID: 3399226807045335630, guid: 70e45fda26f06cd48adc1cc5cd84179a,
        type: 3}
      propertyPath: ColorModule.gradient.maxGradient.key1.a
      value: 0.7764706
      objectReference: {fileID: 0}
    m_RemovedComponents: []
  m_SourcePrefab: {fileID: 100100000, guid: 70e45fda26f06cd48adc1cc5cd84179a, type: 3}
--- !u!4 &2334759344550270147 stripped
Transform:
  m_CorrespondingSourceObject: {fileID: 386551367077822051, guid: 70e45fda26f06cd48adc1cc5cd84179a,
    type: 3}
  m_PrefabInstance: {fileID: 2683007569905855136}
  m_PrefabAsset: {fileID: 0}
