%YAML 1.1
%TAG !u! tag:unity3d.com,2011:
--- !u!1 &768031049462830244
GameObject:
  m_ObjectHideFlags: 0
  m_CorrespondingSourceObject: {fileID: 0}
  m_PrefabInstance: {fileID: 0}
  m_PrefabAsset: {fileID: 0}
  serializedVersion: 6
  m_Component:
  - component: {fileID: 7746686684356902747}
  - component: {fileID: 3022137838414015796}
  m_Layer: 0
  m_Name: Scene3_ClimateChanged
  m_TagString: Untagged
  m_Icon: {fileID: 0}
  m_NavMeshLayer: 0
  m_StaticEditorFlags: 0
  m_IsActive: 1
--- !u!4 &7746686684356902747
Transform:
  m_ObjectHideFlags: 0
  m_CorrespondingSourceObject: {fileID: 0}
  m_PrefabInstance: {fileID: 0}
  m_PrefabAsset: {fileID: 0}
  m_GameObject: {fileID: 768031049462830244}
  m_LocalRotation: {x: 0, y: 0, z: 0, w: 1}
  m_LocalPosition: {x: 0, y: 0, z: 0}
  m_LocalScale: {x: 1, y: 1, z: 1}
  m_Children:
  - {fileID: 334771676831004419}
  - {fileID: 554385873464060671}
  - {fileID: 1658762681082843203}
  m_Father: {fileID: 0}
  m_RootOrder: 0
  m_LocalEulerAnglesHint: {x: 0, y: 0, z: 0}
--- !u!114 &3022137838414015796
MonoBehaviour:
  m_ObjectHideFlags: 0
  m_CorrespondingSourceObject: {fileID: 0}
  m_PrefabInstance: {fileID: 0}
  m_PrefabAsset: {fileID: 0}
  m_GameObject: {fileID: 768031049462830244}
  m_Enabled: 1
  m_EditorHideFlags: 0
  m_Script: {fileID: 11500000, guid: c0a50608476d2694a9e50b8f2a89bfeb, type: 3}
  m_Name: 
  m_EditorClassIdentifier: 
  movieEvents:
  - timeOfEvent: 149
    action:
      m_PersistentCalls:
        m_Calls:
        - m_Target: {fileID: 2670550426697421955}
          m_MethodName: SetActive
          m_Mode: 6
          m_Arguments:
            m_ObjectArgument: {fileID: 0}
            m_ObjectArgumentAssemblyTypeName: UnityEngine.Object, UnityEngine
            m_IntArgument: 0
            m_FloatArgument: 0
            m_StringArgument: 
            m_BoolArgument: 1
          m_CallState: 2
      m_TypeName: Dweiss.EventEmpty, Assembly-CSharp, Version=0.0.0.0, Culture=neutral,
        PublicKeyToken=null
  waitForGuiToAppear: 29
  guiStopAt: 163.5
  guiChild: {fileID: 7848453779231720610}
--- !u!114 &7881927737381943398
MonoBehaviour:
  m_ObjectHideFlags: 0
  m_CorrespondingSourceObject: {fileID: 0}
  m_PrefabInstance: {fileID: 0}
  m_PrefabAsset: {fileID: 0}
  m_GameObject: {fileID: 2670550426697421955}
  m_Enabled: 1
  m_EditorHideFlags: 0
  m_Script: {fileID: 11500000, guid: 4b9cadc7e5b18814fbcca88213c389e7, type: 3}
  m_Name: 
  m_EditorClassIdentifier: 
--- !u!1001 &262950311777130905
PrefabInstance:
  m_ObjectHideFlags: 0
  serializedVersion: 2
  m_Modification:
    m_TransformParent: {fileID: 7746686684356902747}
    m_Modifications:
    - target: {fileID: 8020172937688522043, guid: cb52de80316691e418414f90599e9489,
        type: 3}
      propertyPath: m_Name
      value: GuiTimeline (1)
      objectReference: {fileID: 0}
    - target: {fileID: 8020172937688522043, guid: cb52de80316691e418414f90599e9489,
        type: 3}
      propertyPath: m_IsActive
      value: 0
      objectReference: {fileID: 0}
    - target: {fileID: 1487089703723452890, guid: cb52de80316691e418414f90599e9489,
        type: 3}
      propertyPath: m_LocalPosition.x
      value: 0
      objectReference: {fileID: 0}
    - target: {fileID: 1487089703723452890, guid: cb52de80316691e418414f90599e9489,
        type: 3}
      propertyPath: m_LocalPosition.y
      value: 0
      objectReference: {fileID: 0}
    - target: {fileID: 1487089703723452890, guid: cb52de80316691e418414f90599e9489,
        type: 3}
      propertyPath: m_LocalPosition.z
      value: 0
      objectReference: {fileID: 0}
    - target: {fileID: 1487089703723452890, guid: cb52de80316691e418414f90599e9489,
        type: 3}
      propertyPath: m_LocalRotation.x
      value: -0
      objectReference: {fileID: 0}
    - target: {fileID: 1487089703723452890, guid: cb52de80316691e418414f90599e9489,
        type: 3}
      propertyPath: m_LocalRotation.y
      value: -0
      objectReference: {fileID: 0}
    - target: {fileID: 1487089703723452890, guid: cb52de80316691e418414f90599e9489,
        type: 3}
      propertyPath: m_LocalRotation.z
      value: -0
      objectReference: {fileID: 0}
    - target: {fileID: 1487089703723452890, guid: cb52de80316691e418414f90599e9489,
        type: 3}
      propertyPath: m_LocalRotation.w
      value: 1
      objectReference: {fileID: 0}
    - target: {fileID: 1487089703723452890, guid: cb52de80316691e418414f90599e9489,
        type: 3}
      propertyPath: m_RootOrder
      value: 2
      objectReference: {fileID: 0}
    - target: {fileID: 1487089703723452890, guid: cb52de80316691e418414f90599e9489,
        type: 3}
      propertyPath: m_LocalEulerAnglesHint.x
      value: 0
      objectReference: {fileID: 0}
    - target: {fileID: 1487089703723452890, guid: cb52de80316691e418414f90599e9489,
        type: 3}
      propertyPath: m_LocalEulerAnglesHint.y
      value: 0
      objectReference: {fileID: 0}
    - target: {fileID: 1487089703723452890, guid: cb52de80316691e418414f90599e9489,
        type: 3}
      propertyPath: m_LocalEulerAnglesHint.z
      value: 0
      objectReference: {fileID: 0}
    - target: {fileID: 3638913975543660092, guid: cb52de80316691e418414f90599e9489,
        type: 3}
      propertyPath: m_havePropertiesChanged
      value: 1
      objectReference: {fileID: 0}
    - target: {fileID: 3638913975543660092, guid: cb52de80316691e418414f90599e9489,
        type: 3}
      propertyPath: m_isInputParsingRequired
      value: 1
      objectReference: {fileID: 0}
    - target: {fileID: 276603920704731374, guid: cb52de80316691e418414f90599e9489,
        type: 3}
      propertyPath: m_havePropertiesChanged
      value: 1
      objectReference: {fileID: 0}
    - target: {fileID: 276603920704731374, guid: cb52de80316691e418414f90599e9489,
        type: 3}
      propertyPath: m_isInputParsingRequired
      value: 1
      objectReference: {fileID: 0}
    - target: {fileID: 1067779940707417095, guid: cb52de80316691e418414f90599e9489,
        type: 3}
      propertyPath: m_havePropertiesChanged
      value: 1
      objectReference: {fileID: 0}
    - target: {fileID: 1067779940707417095, guid: cb52de80316691e418414f90599e9489,
        type: 3}
      propertyPath: m_isInputParsingRequired
      value: 1
      objectReference: {fileID: 0}
    - target: {fileID: 5995960189665962179, guid: cb52de80316691e418414f90599e9489,
        type: 3}
      propertyPath: m_havePropertiesChanged
      value: 1
      objectReference: {fileID: 0}
    - target: {fileID: 5995960189665962179, guid: cb52de80316691e418414f90599e9489,
        type: 3}
      propertyPath: m_isInputParsingRequired
      value: 1
      objectReference: {fileID: 0}
    - target: {fileID: 4284406380846572115, guid: cb52de80316691e418414f90599e9489,
        type: 3}
      propertyPath: m_havePropertiesChanged
      value: 1
      objectReference: {fileID: 0}
    - target: {fileID: 4284406380846572115, guid: cb52de80316691e418414f90599e9489,
        type: 3}
      propertyPath: m_isInputParsingRequired
      value: 1
      objectReference: {fileID: 0}
    - target: {fileID: 1519342509939905444, guid: cb52de80316691e418414f90599e9489,
        type: 3}
      propertyPath: m_havePropertiesChanged
      value: 1
      objectReference: {fileID: 0}
    - target: {fileID: 1519342509939905444, guid: cb52de80316691e418414f90599e9489,
        type: 3}
      propertyPath: m_isInputParsingRequired
      value: 1
      objectReference: {fileID: 0}
    - target: {fileID: 8718572528564650671, guid: cb52de80316691e418414f90599e9489,
        type: 3}
      propertyPath: m_havePropertiesChanged
      value: 1
      objectReference: {fileID: 0}
    - target: {fileID: 8718572528564650671, guid: cb52de80316691e418414f90599e9489,
        type: 3}
      propertyPath: m_isInputParsingRequired
      value: 1
      objectReference: {fileID: 0}
    - target: {fileID: 7598269680763038657, guid: cb52de80316691e418414f90599e9489,
        type: 3}
      propertyPath: m_havePropertiesChanged
      value: 1
      objectReference: {fileID: 0}
    - target: {fileID: 7598269680763038657, guid: cb52de80316691e418414f90599e9489,
        type: 3}
      propertyPath: m_isInputParsingRequired
      value: 1
      objectReference: {fileID: 0}
    - target: {fileID: 6038798097392258689, guid: cb52de80316691e418414f90599e9489,
        type: 3}
      propertyPath: m_havePropertiesChanged
      value: 1
      objectReference: {fileID: 0}
    - target: {fileID: 6038798097392258689, guid: cb52de80316691e418414f90599e9489,
        type: 3}
      propertyPath: m_isInputParsingRequired
      value: 1
      objectReference: {fileID: 0}
    - target: {fileID: 7604762131018468739, guid: cb52de80316691e418414f90599e9489,
        type: 3}
      propertyPath: m_havePropertiesChanged
      value: 1
      objectReference: {fileID: 0}
    - target: {fileID: 7604762131018468739, guid: cb52de80316691e418414f90599e9489,
        type: 3}
      propertyPath: m_isInputParsingRequired
      value: 1
      objectReference: {fileID: 0}
    - target: {fileID: 128669510035588883, guid: cb52de80316691e418414f90599e9489,
        type: 3}
      propertyPath: m_havePropertiesChanged
      value: 1
      objectReference: {fileID: 0}
    - target: {fileID: 128669510035588883, guid: cb52de80316691e418414f90599e9489,
        type: 3}
      propertyPath: m_isInputParsingRequired
      value: 1
      objectReference: {fileID: 0}
    - target: {fileID: 3434466599661270756, guid: cb52de80316691e418414f90599e9489,
        type: 3}
      propertyPath: m_havePropertiesChanged
      value: 1
      objectReference: {fileID: 0}
    - target: {fileID: 3434466599661270756, guid: cb52de80316691e418414f90599e9489,
        type: 3}
      propertyPath: m_isInputParsingRequired
      value: 1
      objectReference: {fileID: 0}
    - target: {fileID: 4774646140376049647, guid: cb52de80316691e418414f90599e9489,
        type: 3}
      propertyPath: m_havePropertiesChanged
      value: 1
      objectReference: {fileID: 0}
    - target: {fileID: 4774646140376049647, guid: cb52de80316691e418414f90599e9489,
        type: 3}
      propertyPath: m_isInputParsingRequired
      value: 1
      objectReference: {fileID: 0}
    - target: {fileID: 4137353504094903726, guid: cb52de80316691e418414f90599e9489,
        type: 3}
      propertyPath: m_havePropertiesChanged
      value: 1
      objectReference: {fileID: 0}
    - target: {fileID: 4137353504094903726, guid: cb52de80316691e418414f90599e9489,
        type: 3}
      propertyPath: m_isInputParsingRequired
      value: 1
      objectReference: {fileID: 0}
    - target: {fileID: 593454944223583100, guid: cb52de80316691e418414f90599e9489,
        type: 3}
      propertyPath: m_havePropertiesChanged
      value: 1
      objectReference: {fileID: 0}
    - target: {fileID: 593454944223583100, guid: cb52de80316691e418414f90599e9489,
        type: 3}
      propertyPath: m_isInputParsingRequired
      value: 1
      objectReference: {fileID: 0}
    - target: {fileID: 3777922955459795271, guid: cb52de80316691e418414f90599e9489,
        type: 3}
      propertyPath: m_havePropertiesChanged
      value: 1
      objectReference: {fileID: 0}
    - target: {fileID: 3777922955459795271, guid: cb52de80316691e418414f90599e9489,
        type: 3}
      propertyPath: m_isInputParsingRequired
      value: 1
      objectReference: {fileID: 0}
    m_RemovedComponents: []
  m_SourcePrefab: {fileID: 100100000, guid: cb52de80316691e418414f90599e9489, type: 3}
--- !u!1 &7848453779231720610 stripped
GameObject:
  m_CorrespondingSourceObject: {fileID: 8020172937688522043, guid: cb52de80316691e418414f90599e9489,
    type: 3}
  m_PrefabInstance: {fileID: 262950311777130905}
  m_PrefabAsset: {fileID: 0}
--- !u!4 &1658762681082843203 stripped
Transform:
  m_CorrespondingSourceObject: {fileID: 1487089703723452890, guid: cb52de80316691e418414f90599e9489,
    type: 3}
  m_PrefabInstance: {fileID: 262950311777130905}
  m_PrefabAsset: {fileID: 0}
--- !u!1001 &3627313632233844996
PrefabInstance:
  m_ObjectHideFlags: 0
  serializedVersion: 2
  m_Modification:
    m_TransformParent: {fileID: 7746686684356902747}
    m_Modifications:
    - target: {fileID: 3959675173332141624, guid: 661d746787695f04781843f07433a710,
        type: 3}
      propertyPath: m_Name
      value: ClimateChangeGui
      objectReference: {fileID: 0}
    - target: {fileID: 3959675173332141624, guid: 661d746787695f04781843f07433a710,
        type: 3}
      propertyPath: m_IsActive
      value: 0
      objectReference: {fileID: 0}
    - target: {fileID: 3959675173332141575, guid: 661d746787695f04781843f07433a710,
        type: 3}
      propertyPath: m_LocalPosition.x
      value: 0
      objectReference: {fileID: 0}
    - target: {fileID: 3959675173332141575, guid: 661d746787695f04781843f07433a710,
        type: 3}
      propertyPath: m_LocalPosition.y
      value: 0
      objectReference: {fileID: 0}
    - target: {fileID: 3959675173332141575, guid: 661d746787695f04781843f07433a710,
        type: 3}
      propertyPath: m_LocalPosition.z
      value: 0
      objectReference: {fileID: 0}
    - target: {fileID: 3959675173332141575, guid: 661d746787695f04781843f07433a710,
        type: 3}
      propertyPath: m_LocalRotation.x
      value: -0
      objectReference: {fileID: 0}
    - target: {fileID: 3959675173332141575, guid: 661d746787695f04781843f07433a710,
        type: 3}
      propertyPath: m_LocalRotation.y
      value: -0
      objectReference: {fileID: 0}
    - target: {fileID: 3959675173332141575, guid: 661d746787695f04781843f07433a710,
        type: 3}
      propertyPath: m_LocalRotation.z
      value: -0
      objectReference: {fileID: 0}
    - target: {fileID: 3959675173332141575, guid: 661d746787695f04781843f07433a710,
        type: 3}
      propertyPath: m_LocalRotation.w
      value: 1
      objectReference: {fileID: 0}
    - target: {fileID: 3959675173332141575, guid: 661d746787695f04781843f07433a710,
        type: 3}
      propertyPath: m_RootOrder
      value: 0
      objectReference: {fileID: 0}
    - target: {fileID: 3959675173332141575, guid: 661d746787695f04781843f07433a710,
        type: 3}
      propertyPath: m_LocalEulerAnglesHint.x
      value: 0
      objectReference: {fileID: 0}
    - target: {fileID: 3959675173332141575, guid: 661d746787695f04781843f07433a710,
        type: 3}
      propertyPath: m_LocalEulerAnglesHint.y
      value: 0
      objectReference: {fileID: 0}
    - target: {fileID: 3959675173332141575, guid: 661d746787695f04781843f07433a710,
        type: 3}
      propertyPath: m_LocalEulerAnglesHint.z
      value: 0
      objectReference: {fileID: 0}
    - target: {fileID: 3674380065928572664, guid: 661d746787695f04781843f07433a710,
        type: 3}
      propertyPath: m_havePropertiesChanged
      value: 1
      objectReference: {fileID: 0}
    - target: {fileID: 3674380065928572664, guid: 661d746787695f04781843f07433a710,
        type: 3}
      propertyPath: m_isInputParsingRequired
      value: 1
      objectReference: {fileID: 0}
    - target: {fileID: 3295761781933698924, guid: 661d746787695f04781843f07433a710,
        type: 3}
      propertyPath: m_havePropertiesChanged
      value: 1
      objectReference: {fileID: 0}
    - target: {fileID: 3295761781933698924, guid: 661d746787695f04781843f07433a710,
        type: 3}
      propertyPath: m_isInputParsingRequired
      value: 1
      objectReference: {fileID: 0}
    - target: {fileID: 2143159022808467045, guid: 661d746787695f04781843f07433a710,
        type: 3}
      propertyPath: m_havePropertiesChanged
      value: 1
      objectReference: {fileID: 0}
    - target: {fileID: 2143159022808467045, guid: 661d746787695f04781843f07433a710,
        type: 3}
      propertyPath: m_isInputParsingRequired
      value: 1
      objectReference: {fileID: 0}
    - target: {fileID: 1128440639961729131, guid: 661d746787695f04781843f07433a710,
        type: 3}
      propertyPath: m_havePropertiesChanged
      value: 1
      objectReference: {fileID: 0}
    - target: {fileID: 1128440639961729131, guid: 661d746787695f04781843f07433a710,
        type: 3}
      propertyPath: m_isInputParsingRequired
      value: 1
      objectReference: {fileID: 0}
    - target: {fileID: 7463383678134516432, guid: 661d746787695f04781843f07433a710,
        type: 3}
      propertyPath: m_havePropertiesChanged
      value: 1
      objectReference: {fileID: 0}
    - target: {fileID: 7463383678134516432, guid: 661d746787695f04781843f07433a710,
        type: 3}
      propertyPath: m_isInputParsingRequired
      value: 1
      objectReference: {fileID: 0}
    - target: {fileID: 7154666047885809277, guid: 661d746787695f04781843f07433a710,
        type: 3}
      propertyPath: m_havePropertiesChanged
      value: 1
      objectReference: {fileID: 0}
    - target: {fileID: 7154666047885809277, guid: 661d746787695f04781843f07433a710,
        type: 3}
      propertyPath: m_isInputParsingRequired
      value: 1
      objectReference: {fileID: 0}
    - target: {fileID: 7718310273265259066, guid: 661d746787695f04781843f07433a710,
        type: 3}
      propertyPath: m_havePropertiesChanged
      value: 1
      objectReference: {fileID: 0}
    - target: {fileID: 7718310273265259066, guid: 661d746787695f04781843f07433a710,
        type: 3}
      propertyPath: m_isInputParsingRequired
      value: 1
      objectReference: {fileID: 0}
    - target: {fileID: 6713143518241993942, guid: 661d746787695f04781843f07433a710,
        type: 3}
      propertyPath: m_havePropertiesChanged
      value: 1
      objectReference: {fileID: 0}
    - target: {fileID: 6713143518241993942, guid: 661d746787695f04781843f07433a710,
        type: 3}
      propertyPath: m_isInputParsingRequired
      value: 1
      objectReference: {fileID: 0}
    - target: {fileID: 5583122541658932365, guid: 661d746787695f04781843f07433a710,
        type: 3}
      propertyPath: m_havePropertiesChanged
      value: 1
      objectReference: {fileID: 0}
    - target: {fileID: 5583122541658932365, guid: 661d746787695f04781843f07433a710,
        type: 3}
      propertyPath: m_isInputParsingRequired
      value: 1
      objectReference: {fileID: 0}
    - target: {fileID: 5365880140910379957, guid: 661d746787695f04781843f07433a710,
        type: 3}
      propertyPath: m_havePropertiesChanged
      value: 1
      objectReference: {fileID: 0}
    - target: {fileID: 5365880140910379957, guid: 661d746787695f04781843f07433a710,
        type: 3}
      propertyPath: m_isInputParsingRequired
      value: 1
      objectReference: {fileID: 0}
    - target: {fileID: 3111864615877769227, guid: 661d746787695f04781843f07433a710,
        type: 3}
      propertyPath: m_havePropertiesChanged
      value: 1
      objectReference: {fileID: 0}
    - target: {fileID: 3111864615877769227, guid: 661d746787695f04781843f07433a710,
        type: 3}
      propertyPath: m_isInputParsingRequired
      value: 1
      objectReference: {fileID: 0}
    - target: {fileID: 3336891423809876622, guid: 661d746787695f04781843f07433a710,
        type: 3}
      propertyPath: m_havePropertiesChanged
      value: 1
      objectReference: {fileID: 0}
    - target: {fileID: 3336891423809876622, guid: 661d746787695f04781843f07433a710,
        type: 3}
      propertyPath: m_isInputParsingRequired
      value: 1
      objectReference: {fileID: 0}
    - target: {fileID: 4578998846658504786, guid: 661d746787695f04781843f07433a710,
        type: 3}
      propertyPath: m_havePropertiesChanged
      value: 1
      objectReference: {fileID: 0}
    - target: {fileID: 4578998846658504786, guid: 661d746787695f04781843f07433a710,
        type: 3}
      propertyPath: m_isInputParsingRequired
      value: 1
      objectReference: {fileID: 0}
    - target: {fileID: 3635482072049710467, guid: 661d746787695f04781843f07433a710,
        type: 3}
      propertyPath: m_havePropertiesChanged
      value: 1
      objectReference: {fileID: 0}
    - target: {fileID: 3635482072049710467, guid: 661d746787695f04781843f07433a710,
        type: 3}
      propertyPath: m_isInputParsingRequired
      value: 1
      objectReference: {fileID: 0}
    - target: {fileID: 3987213459387741553, guid: 661d746787695f04781843f07433a710,
        type: 3}
      propertyPath: m_havePropertiesChanged
      value: 1
      objectReference: {fileID: 0}
    - target: {fileID: 3987213459387741553, guid: 661d746787695f04781843f07433a710,
        type: 3}
      propertyPath: m_isInputParsingRequired
      value: 1
      objectReference: {fileID: 0}
    - target: {fileID: 7713162862539908917, guid: 661d746787695f04781843f07433a710,
        type: 3}
      propertyPath: m_havePropertiesChanged
      value: 1
      objectReference: {fileID: 0}
    - target: {fileID: 7713162862539908917, guid: 661d746787695f04781843f07433a710,
        type: 3}
      propertyPath: m_isInputParsingRequired
      value: 1
      objectReference: {fileID: 0}
    - target: {fileID: 8912703653898476612, guid: 661d746787695f04781843f07433a710,
        type: 3}
      propertyPath: m_havePropertiesChanged
      value: 1
      objectReference: {fileID: 0}
    - target: {fileID: 8912703653898476612, guid: 661d746787695f04781843f07433a710,
        type: 3}
      propertyPath: m_isInputParsingRequired
      value: 1
      objectReference: {fileID: 0}
    - target: {fileID: 9002913666040590862, guid: 661d746787695f04781843f07433a710,
        type: 3}
      propertyPath: m_havePropertiesChanged
      value: 1
      objectReference: {fileID: 0}
    - target: {fileID: 9002913666040590862, guid: 661d746787695f04781843f07433a710,
        type: 3}
      propertyPath: m_isInputParsingRequired
      value: 1
      objectReference: {fileID: 0}
    - target: {fileID: 8334168678696964926, guid: 661d746787695f04781843f07433a710,
        type: 3}
      propertyPath: m_havePropertiesChanged
      value: 1
      objectReference: {fileID: 0}
    - target: {fileID: 8334168678696964926, guid: 661d746787695f04781843f07433a710,
        type: 3}
      propertyPath: m_isInputParsingRequired
      value: 1
      objectReference: {fileID: 0}
    - target: {fileID: 6189382838293290897, guid: 661d746787695f04781843f07433a710,
        type: 3}
      propertyPath: m_havePropertiesChanged
      value: 1
      objectReference: {fileID: 0}
    - target: {fileID: 6189382838293290897, guid: 661d746787695f04781843f07433a710,
        type: 3}
      propertyPath: m_isInputParsingRequired
      value: 1
      objectReference: {fileID: 0}
    - target: {fileID: 3894984375184129613, guid: 661d746787695f04781843f07433a710,
        type: 3}
      propertyPath: m_havePropertiesChanged
      value: 1
      objectReference: {fileID: 0}
    - target: {fileID: 3894984375184129613, guid: 661d746787695f04781843f07433a710,
        type: 3}
      propertyPath: m_isInputParsingRequired
      value: 1
      objectReference: {fileID: 0}
    - target: {fileID: 3821129329214647861, guid: 661d746787695f04781843f07433a710,
        type: 3}
      propertyPath: m_havePropertiesChanged
      value: 1
      objectReference: {fileID: 0}
    - target: {fileID: 3821129329214647861, guid: 661d746787695f04781843f07433a710,
        type: 3}
      propertyPath: m_isInputParsingRequired
      value: 1
      objectReference: {fileID: 0}
    - target: {fileID: 7456288236421719554, guid: 661d746787695f04781843f07433a710,
        type: 3}
      propertyPath: m_havePropertiesChanged
      value: 1
      objectReference: {fileID: 0}
    - target: {fileID: 7456288236421719554, guid: 661d746787695f04781843f07433a710,
        type: 3}
      propertyPath: m_isInputParsingRequired
      value: 1
      objectReference: {fileID: 0}
    - target: {fileID: 8347384913596473995, guid: 661d746787695f04781843f07433a710,
        type: 3}
      propertyPath: onRoundFinished.m_PersistentCalls.m_Calls.Array.size
      value: 0
      objectReference: {fileID: 0}
    - target: {fileID: 2547549954753734897, guid: 661d746787695f04781843f07433a710,
        type: 3}
      propertyPath: m_IsActive
      value: 0
      objectReference: {fileID: 0}
    - target: {fileID: 1544634707488427549, guid: 661d746787695f04781843f07433a710,
        type: 3}
      propertyPath: m_IsActive
      value: 0
      objectReference: {fileID: 0}
    - target: {fileID: 6011209701959162789, guid: 661d746787695f04781843f07433a710,
        type: 3}
      propertyPath: m_IsActive
      value: 0
      objectReference: {fileID: 0}
    - target: {fileID: 5878217137570616184, guid: 661d746787695f04781843f07433a710,
        type: 3}
      propertyPath: m_IsActive
      value: 0
      objectReference: {fileID: 0}
    - target: {fileID: 5146278456361956848, guid: 661d746787695f04781843f07433a710,
        type: 3}
      propertyPath: m_IsActive
      value: 0
      objectReference: {fileID: 0}
    - target: {fileID: 4777388469754105652, guid: 661d746787695f04781843f07433a710,
        type: 3}
      propertyPath: m_IsActive
      value: 0
      objectReference: {fileID: 0}
    m_RemovedComponents: []
  m_SourcePrefab: {fileID: 100100000, guid: 661d746787695f04781843f07433a710, type: 3}
--- !u!4 &334771676831004419 stripped
Transform:
  m_CorrespondingSourceObject: {fileID: 3959675173332141575, guid: 661d746787695f04781843f07433a710,
    type: 3}
  m_PrefabInstance: {fileID: 3627313632233844996}
  m_PrefabAsset: {fileID: 0}
--- !u!1001 &8429559245747090006
PrefabInstance:
  m_ObjectHideFlags: 0
  serializedVersion: 2
  m_Modification:
    m_TransformParent: {fileID: 7746686684356902747}
    m_Modifications:
    - target: {fileID: 5905481411595085525, guid: 4241ea48b4100a64a9a7cb3f517ad764,
        type: 3}
      propertyPath: m_Name
      value: WinnerAnnouncment
      objectReference: {fileID: 0}
    - target: {fileID: 5905481411595085525, guid: 4241ea48b4100a64a9a7cb3f517ad764,
        type: 3}
      propertyPath: m_IsActive
      value: 0
      objectReference: {fileID: 0}
    - target: {fileID: 8307554146652559529, guid: 4241ea48b4100a64a9a7cb3f517ad764,
        type: 3}
      propertyPath: m_LocalPosition.x
      value: 0.011364988
      objectReference: {fileID: 0}
    - target: {fileID: 8307554146652559529, guid: 4241ea48b4100a64a9a7cb3f517ad764,
        type: 3}
      propertyPath: m_LocalPosition.y
      value: 2.602839
      objectReference: {fileID: 0}
    - target: {fileID: 8307554146652559529, guid: 4241ea48b4100a64a9a7cb3f517ad764,
        type: 3}
      propertyPath: m_LocalPosition.z
      value: 6.1050777
      objectReference: {fileID: 0}
    - target: {fileID: 8307554146652559529, guid: 4241ea48b4100a64a9a7cb3f517ad764,
        type: 3}
      propertyPath: m_LocalRotation.x
      value: -0
      objectReference: {fileID: 0}
    - target: {fileID: 8307554146652559529, guid: 4241ea48b4100a64a9a7cb3f517ad764,
        type: 3}
      propertyPath: m_LocalRotation.y
      value: -0
      objectReference: {fileID: 0}
    - target: {fileID: 8307554146652559529, guid: 4241ea48b4100a64a9a7cb3f517ad764,
        type: 3}
      propertyPath: m_LocalRotation.z
      value: -0
      objectReference: {fileID: 0}
    - target: {fileID: 8307554146652559529, guid: 4241ea48b4100a64a9a7cb3f517ad764,
        type: 3}
      propertyPath: m_LocalRotation.w
      value: 1
      objectReference: {fileID: 0}
    - target: {fileID: 8307554146652559529, guid: 4241ea48b4100a64a9a7cb3f517ad764,
        type: 3}
      propertyPath: m_RootOrder
      value: 1
      objectReference: {fileID: 0}
    - target: {fileID: 8307554146652559529, guid: 4241ea48b4100a64a9a7cb3f517ad764,
        type: 3}
      propertyPath: m_LocalEulerAnglesHint.x
      value: 0
      objectReference: {fileID: 0}
    - target: {fileID: 8307554146652559529, guid: 4241ea48b4100a64a9a7cb3f517ad764,
        type: 3}
      propertyPath: m_LocalEulerAnglesHint.y
      value: 0
      objectReference: {fileID: 0}
    - target: {fileID: 8307554146652559529, guid: 4241ea48b4100a64a9a7cb3f517ad764,
        type: 3}
      propertyPath: m_LocalEulerAnglesHint.z
      value: 0
      objectReference: {fileID: 0}
    - target: {fileID: 4457701137773740671, guid: 4241ea48b4100a64a9a7cb3f517ad764,
        type: 3}
      propertyPath: audioClips.Array.size
      value: 8
      objectReference: {fileID: 0}
    - target: {fileID: 4457701137773740671, guid: 4241ea48b4100a64a9a7cb3f517ad764,
        type: 3}
      propertyPath: m_Enabled
      value: 1
      objectReference: {fileID: 0}
    - target: {fileID: 4457701137773740671, guid: 4241ea48b4100a64a9a7cb3f517ad764,
        type: 3}
      propertyPath: audioClips.Array.data[0]
      value: 
      objectReference: {fileID: 8300000, guid: 9850a3925f298a840a6a448967c44984, type: 3}
    - target: {fileID: 4457701137773740671, guid: 4241ea48b4100a64a9a7cb3f517ad764,
        type: 3}
      propertyPath: audioClips.Array.data[1]
      value: 
      objectReference: {fileID: 8300000, guid: 3b25b820b299d45458f904357941efe1, type: 3}
    - target: {fileID: 4457701137773740671, guid: 4241ea48b4100a64a9a7cb3f517ad764,
        type: 3}
      propertyPath: audioClips.Array.data[2]
      value: 
      objectReference: {fileID: 8300000, guid: 8866bf6e50d48b34cb31ee72fe01c91d, type: 3}
    - target: {fileID: 4457701137773740671, guid: 4241ea48b4100a64a9a7cb3f517ad764,
        type: 3}
      propertyPath: audioClips.Array.data[3]
      value: 
      objectReference: {fileID: 8300000, guid: 325a541fca3830f4fb742bfc170bde66, type: 3}
    - target: {fileID: 4457701137773740671, guid: 4241ea48b4100a64a9a7cb3f517ad764,
        type: 3}
      propertyPath: audioClips.Array.data[4]
      value: 
      objectReference: {fileID: 8300000, guid: ecc555bbb27832d4d8bdb10b1cbdd548, type: 3}
    - target: {fileID: 4457701137773740671, guid: 4241ea48b4100a64a9a7cb3f517ad764,
        type: 3}
      propertyPath: audioClips.Array.data[5]
      value: 
      objectReference: {fileID: 8300000, guid: cb0ddc16f4fadb048901d8482a915f3d, type: 3}
    - target: {fileID: 4457701137773740671, guid: 4241ea48b4100a64a9a7cb3f517ad764,
        type: 3}
      propertyPath: audioClips.Array.data[6]
      value: 
      objectReference: {fileID: 8300000, guid: 6d890a53c9d1b8a43a97496b9cf9b2e4, type: 3}
    - target: {fileID: 4457701137773740671, guid: 4241ea48b4100a64a9a7cb3f517ad764,
        type: 3}
      propertyPath: audioClips.Array.data[7]
      value: 
      objectReference: {fileID: 8300000, guid: b69e4ea7bba141545a3bd8b182a8b1ba, type: 3}
    - target: {fileID: 2628728155966696243, guid: 4241ea48b4100a64a9a7cb3f517ad764,
        type: 3}
      propertyPath: OutputAudioMixerGroup
      value: 
      objectReference: {fileID: 24300002, guid: f65828c16ac4ea943ac1fb0695913620,
        type: 2}
    m_RemovedComponents: []
  m_SourcePrefab: {fileID: 100100000, guid: 4241ea48b4100a64a9a7cb3f517ad764, type: 3}
--- !u!1 &2670550426697421955 stripped
GameObject:
  m_CorrespondingSourceObject: {fileID: 5905481411595085525, guid: 4241ea48b4100a64a9a7cb3f517ad764,
    type: 3}
  m_PrefabInstance: {fileID: 8429559245747090006}
  m_PrefabAsset: {fileID: 0}
--- !u!4 &554385873464060671 stripped
Transform:
  m_CorrespondingSourceObject: {fileID: 8307554146652559529, guid: 4241ea48b4100a64a9a7cb3f517ad764,
    type: 3}
  m_PrefabInstance: {fileID: 8429559245747090006}
  m_PrefabAsset: {fileID: 0}
