%YAML 1.1
%TAG !u! tag:unity3d.com,2011:
--- !u!1 &4741455609141235986
GameObject:
  m_ObjectHideFlags: 0
  m_CorrespondingSourceObject: {fileID: 0}
  m_PrefabInstance: {fileID: 0}
  m_PrefabAsset: {fileID: 0}
  serializedVersion: 6
  m_Component:
  - component: {fileID: 479628497580306810}
  - component: {fileID: 6910793961919442255}
  - component: {fileID: 1767837658229370537}
  - component: {fileID: 5239214549876016275}
  - component: {fileID: 1040065873384936252}
  m_Layer: 0
  m_Name: EarthAnimationGroup
  m_TagString: Untagged
  m_Icon: {fileID: 0}
  m_NavMeshLayer: 0
  m_StaticEditorFlags: 0
  m_IsActive: 1
--- !u!4 &479628497580306810
Transform:
  m_ObjectHideFlags: 0
  m_CorrespondingSourceObject: {fileID: 0}
  m_PrefabInstance: {fileID: 0}
  m_PrefabAsset: {fileID: 0}
  m_GameObject: {fileID: 4741455609141235986}
  m_LocalRotation: {x: 0, y: 0, z: 0, w: 1}
  m_LocalPosition: {x: 0, y: 0, z: 0}
  m_LocalScale: {x: 135, y: 135, z: 135}
  m_Children:
  - {fileID: 6518273690344849806}
  m_Father: {fileID: 0}
  m_RootOrder: 0
  m_LocalEulerAnglesHint: {x: 0, y: 0, z: 0}
--- !u!114 &6910793961919442255
MonoBehaviour:
  m_ObjectHideFlags: 0
  m_CorrespondingSourceObject: {fileID: 0}
  m_PrefabInstance: {fileID: 0}
  m_PrefabAsset: {fileID: 0}
  m_GameObject: {fileID: 4741455609141235986}
  m_Enabled: 1
  m_EditorHideFlags: 0
  m_Script: {fileID: 11500000, guid: 87fbca2bcb545294695891f89cb68c61, type: 3}
  m_Name: 
  m_EditorClassIdentifier: 
  sceneToInteract: {fileID: 11400000, guid: 3dd10c00d4367bf4ab43c8919cd69ca5, type: 2}
  delay: -1
  onSceneStart:
    m_PersistentCalls:
      m_Calls:
      - m_Target: {fileID: 4595959993118008501}
        m_MethodName: set_ForwardAnimate
        m_Mode: 6
        m_Arguments:
          m_ObjectArgument: {fileID: 0}
          m_ObjectArgumentAssemblyTypeName: UnityEngine.Object, UnityEngine
          m_IntArgument: 0
          m_FloatArgument: 0
          m_StringArgument: 
          m_BoolArgument: 0
        m_CallState: 2
      - m_Target: {fileID: 4595959993118008501}
        m_MethodName: Dissolve
        m_Mode: 1
        m_Arguments:
          m_ObjectArgument: {fileID: 0}
          m_ObjectArgumentAssemblyTypeName: UnityEngine.Object, UnityEngine
          m_IntArgument: 0
          m_FloatArgument: 0
          m_StringArgument: 
          m_BoolArgument: 0
        m_CallState: 2
      - m_Target: {fileID: 5239214549876016275}
        m_MethodName: LateDestroyGameObject
        m_Mode: 4
        m_Arguments:
          m_ObjectArgument: {fileID: 0}
          m_ObjectArgumentAssemblyTypeName: UnityEngine.Object, UnityEngine
          m_IntArgument: 0
          m_FloatArgument: 2
          m_StringArgument: 
          m_BoolArgument: 0
        m_CallState: 2
    m_TypeName: Dweiss.EventEmpty, Assembly-CSharp, Version=0.0.0.0, Culture=neutral,
      PublicKeyToken=null
  moreDelays: []
--- !u!114 &1767837658229370537
MonoBehaviour:
  m_ObjectHideFlags: 0
  m_CorrespondingSourceObject: {fileID: 0}
  m_PrefabInstance: {fileID: 0}
  m_PrefabAsset: {fileID: 0}
  m_GameObject: {fileID: 4741455609141235986}
  m_Enabled: 1
  m_EditorHideFlags: 0
  m_Script: {fileID: 11500000, guid: 3ec8dcd1218b47e448e05e5bb49c9ba2, type: 3}
  m_Name: 
  m_EditorClassIdentifier: 
  tagToAttach: 
--- !u!114 &5239214549876016275
MonoBehaviour:
  m_ObjectHideFlags: 0
  m_CorrespondingSourceObject: {fileID: 0}
  m_PrefabInstance: {fileID: 0}
  m_PrefabAsset: {fileID: 0}
  m_GameObject: {fileID: 4741455609141235986}
  m_Enabled: 1
  m_EditorHideFlags: 0
  m_Script: {fileID: 11500000, guid: c716468b8a66dde48aa8cad50a032e8d, type: 3}
  m_Name: 
  m_EditorClassIdentifier: 
  disableInsteadOfDestroy: 0
  destoryAfter: -1
  minimizeTime: -1
  targetSize: {x: 0, y: 0, z: 0}
--- !u!114 &1040065873384936252
MonoBehaviour:
  m_ObjectHideFlags: 0
  m_CorrespondingSourceObject: {fileID: 0}
  m_PrefabInstance: {fileID: 0}
  m_PrefabAsset: {fileID: 0}
  m_GameObject: {fileID: 4741455609141235986}
  m_Enabled: 0
  m_EditorHideFlags: 0
  m_Script: {fileID: 11500000, guid: 452c025ffc58f234884b7a5385b2d4d1, type: 3}
  m_Name: 
  m_EditorClassIdentifier: 
  runOnEnableWithDelay: 0.15
  afterDelay:
    m_PersistentCalls:
      m_Calls:
      - m_Target: {fileID: 4595959993118008501}
        m_MethodName: set_enabled
        m_Mode: 6
        m_Arguments:
          m_ObjectArgument: {fileID: 0}
          m_ObjectArgumentAssemblyTypeName: UnityEngine.Object, UnityEngine
          m_IntArgument: 0
          m_FloatArgument: 0
          m_StringArgument: 
          m_BoolArgument: 1
        m_CallState: 2
    m_TypeName: Dweiss.EventEmpty, Assembly-CSharp, Version=0.0.0.0, Culture=neutral,
      PublicKeyToken=null
--- !u!114 &4595959993118008501
MonoBehaviour:
  m_ObjectHideFlags: 0
  m_CorrespondingSourceObject: {fileID: 0}
  m_PrefabInstance: {fileID: 0}
  m_PrefabAsset: {fileID: 0}
  m_GameObject: {fileID: 6518273690344365486}
  m_Enabled: 1
  m_EditorHideFlags: 0
  m_Script: {fileID: 11500000, guid: 7646b6dd0e6fbfe4295996cf8fcc8a66, type: 3}
  m_Name: 
  m_EditorClassIdentifier: 
  forwardAnimate: 1
  timeToAnimate: 2.5
  pingPong: 0
  maxDissolveValue: 0.6
--- !u!114 &6518273690410963236
MonoBehaviour:
  m_ObjectHideFlags: 0
  m_CorrespondingSourceObject: {fileID: 0}
  m_PrefabInstance: {fileID: 0}
  m_PrefabAsset: {fileID: 0}
  m_GameObject: {fileID: 6518273690344365486}
  m_Enabled: 1
  m_EditorHideFlags: 0
  m_Script: {fileID: 11500000, guid: 389c022a70cf2ae4aacc1b5cc3626a50, type: 3}
  m_Name: 
  m_EditorClassIdentifier: 
  loop: 1
  runOnStart: 1
  movieTxters:
  - {fileID: 2800000, guid: 93edff5c09c76e6478318e849c83ebef, type: 3}
  - {fileID: 2800000, guid: f6fa95860f923914c94c92948130a8b2, type: 3}
  - {fileID: 2800000, guid: 793beace970ad034cae81169f3fe0d7c, type: 3}
  - {fileID: 2800000, guid: b953917dc6c87614b9c703e6915691ac, type: 3}
  - {fileID: 2800000, guid: ab33d1631475e994f877e3685c467b65, type: 3}
  - {fileID: 2800000, guid: 1cc5fa15fdedb5f4dbc31ab5112a8ab7, type: 3}
  - {fileID: 2800000, guid: f31a734450a6c2d418820b20048a6aed, type: 3}
  - {fileID: 2800000, guid: bc985abb4d20f0444b296196032b477b, type: 3}
  - {fileID: 2800000, guid: 14bf545572afa6543a259cda195e93e8, type: 3}
  - {fileID: 2800000, guid: e46650418f7438d4bb3111614f1561bc, type: 3}
  - {fileID: 2800000, guid: 0223d3bd3ed728e40851b332288c5ee5, type: 3}
  - {fileID: 2800000, guid: bec46d08e54f28a4294ea8017f82e49d, type: 3}
  - {fileID: 2800000, guid: 62dfb03f24f7fdd4e8ea727844b39d1a, type: 3}
  - {fileID: 2800000, guid: df106d53a434b364ba11f0dfbf20dc4f, type: 3}
  - {fileID: 2800000, guid: 0e2b8dd86e41be342b4eee911fd50f6d, type: 3}
  - {fileID: 2800000, guid: f860eb50865a9f0418f2c348fed352dc, type: 3}
  - {fileID: 2800000, guid: 76212f97ba257814e82e7fdcb67eb437, type: 3}
  - {fileID: 2800000, guid: 6f620484bd5e036468f3a769d634183f, type: 3}
  - {fileID: 2800000, guid: e53df56856573ac4f9b9b64f006f8950, type: 3}
  - {fileID: 2800000, guid: b84227bfc26699f4294de0ef7ddf815e, type: 3}
  - {fileID: 2800000, guid: 24d88ae160b78ad4e93d51cfae68ed56, type: 3}
  - {fileID: 2800000, guid: d9404089c4f1dd74daee25c1cbf9f471, type: 3}
  - {fileID: 2800000, guid: 4493438ff4a4ff949921d1c808c34aeb, type: 3}
  - {fileID: 2800000, guid: 039201a90f6f770489341975c17d3751, type: 3}
  - {fileID: 2800000, guid: 101ec2026dc059242ab4f8390cb5ea9e, type: 3}
  - {fileID: 2800000, guid: 52e3636d839728e4e9e065e4e0261492, type: 3}
  - {fileID: 2800000, guid: 800fe65f1ca05c348aa79569c0328117, type: 3}
  - {fileID: 2800000, guid: 64d560685f2ac5a48994e7eb4fbec103, type: 3}
  - {fileID: 2800000, guid: 40e99fb6248eebb4a9e414485810608d, type: 3}
  - {fileID: 2800000, guid: c44e2bc9265d1b9498275970687ec15c, type: 3}
  - {fileID: 2800000, guid: 32ff6f8a0a93d31488d372460e28038e, type: 3}
  - {fileID: 2800000, guid: c3493d00a0b3dd4488a9eb417828094c, type: 3}
  - {fileID: 2800000, guid: c8d60c8a1c784324e8354aacd351aa7e, type: 3}
  - {fileID: 2800000, guid: b392e86529c5fca4d972edb9f55bbeab, type: 3}
  - {fileID: 2800000, guid: cdb1b14291d674244a74fa4bf47472a8, type: 3}
  - {fileID: 2800000, guid: ad32ccad397f19d44bbd0f273dc1af63, type: 3}
  - {fileID: 2800000, guid: f583db16d22632547b8a4e6748d1c270, type: 3}
  - {fileID: 2800000, guid: 3068212967009e940a88d055be0649ed, type: 3}
  - {fileID: 2800000, guid: 9d4334b11de14d14481eb99cfaf1b4c1, type: 3}
  - {fileID: 2800000, guid: 7b2cd73b17a26514292cf0345feb78d3, type: 3}
  - {fileID: 2800000, guid: e50e3dbe2f88de34d83d4321f59f0826, type: 3}
  - {fileID: 2800000, guid: 7cbe0003b6d6e134aa8a4ab59d41adb4, type: 3}
  - {fileID: 2800000, guid: 429152a342ba2e6459867b9f6429c91a, type: 3}
  - {fileID: 2800000, guid: 4c05be30cc74397449f6a98cdd476e62, type: 3}
  - {fileID: 2800000, guid: 5df78b00a8ec4e24ba4886715fdf0546, type: 3}
  - {fileID: 2800000, guid: ff34ba3a606b85149b980f42e5ae14cc, type: 3}
  - {fileID: 2800000, guid: 8d020659f433e7d4ea48bda10d9033f7, type: 3}
  - {fileID: 2800000, guid: cbe8e19cbf10e804c861fff239a5d073, type: 3}
  - {fileID: 2800000, guid: f29657544c3e78145956488517c07c62, type: 3}
  - {fileID: 2800000, guid: 820a6dfa96cf80843b4db0629262a60c, type: 3}
  movieFps: 30
  rndr: {fileID: 6518273690346619758}
  onMovieFinished:
    m_PersistentCalls:
      m_Calls: []
    m_TypeName: UnityEngine.Events.UnityEvent, UnityEngine.CoreModule, Version=0.0.0.0,
      Culture=neutral, PublicKeyToken=null
--- !u!1001 &6518273690344463118
PrefabInstance:
  m_ObjectHideFlags: 0
  serializedVersion: 2
  m_Modification:
    m_TransformParent: {fileID: 479628497580306810}
    m_Modifications:
    - target: {fileID: 100000, guid: c5849c44a89984d4089cae747373d4f3, type: 3}
      propertyPath: m_Name
      value: EarthAnimation
      objectReference: {fileID: 0}
    - target: {fileID: 400000, guid: c5849c44a89984d4089cae747373d4f3, type: 3}
      propertyPath: m_LocalPosition.x
      value: 0
      objectReference: {fileID: 0}
    - target: {fileID: 400000, guid: c5849c44a89984d4089cae747373d4f3, type: 3}
      propertyPath: m_LocalPosition.y
      value: 0
      objectReference: {fileID: 0}
    - target: {fileID: 400000, guid: c5849c44a89984d4089cae747373d4f3, type: 3}
      propertyPath: m_LocalPosition.z
      value: 0
      objectReference: {fileID: 0}
    - target: {fileID: 400000, guid: c5849c44a89984d4089cae747373d4f3, type: 3}
      propertyPath: m_LocalRotation.x
      value: -0
      objectReference: {fileID: 0}
    - target: {fileID: 400000, guid: c5849c44a89984d4089cae747373d4f3, type: 3}
      propertyPath: m_LocalRotation.y
      value: -0
      objectReference: {fileID: 0}
    - target: {fileID: 400000, guid: c5849c44a89984d4089cae747373d4f3, type: 3}
      propertyPath: m_LocalRotation.z
      value: -0
      objectReference: {fileID: 0}
    - target: {fileID: 400000, guid: c5849c44a89984d4089cae747373d4f3, type: 3}
      propertyPath: m_LocalRotation.w
      value: 1
      objectReference: {fileID: 0}
    - target: {fileID: 400000, guid: c5849c44a89984d4089cae747373d4f3, type: 3}
      propertyPath: m_RootOrder
      value: 0
      objectReference: {fileID: 0}
    - target: {fileID: 400000, guid: c5849c44a89984d4089cae747373d4f3, type: 3}
      propertyPath: m_LocalEulerAnglesHint.x
      value: 0
      objectReference: {fileID: 0}
    - target: {fileID: 400000, guid: c5849c44a89984d4089cae747373d4f3, type: 3}
      propertyPath: m_LocalEulerAnglesHint.y
      value: 0
      objectReference: {fileID: 0}
    - target: {fileID: 400000, guid: c5849c44a89984d4089cae747373d4f3, type: 3}
      propertyPath: m_LocalEulerAnglesHint.z
      value: 0
      objectReference: {fileID: 0}
    - target: {fileID: 400000, guid: c5849c44a89984d4089cae747373d4f3, type: 3}
      propertyPath: m_LocalScale.x
      value: 0.75
      objectReference: {fileID: 0}
    - target: {fileID: 400000, guid: c5849c44a89984d4089cae747373d4f3, type: 3}
      propertyPath: m_LocalScale.y
      value: 1
      objectReference: {fileID: 0}
    - target: {fileID: 400000, guid: c5849c44a89984d4089cae747373d4f3, type: 3}
      propertyPath: m_LocalScale.z
      value: 0.75
      objectReference: {fileID: 0}
    - target: {fileID: 2300000, guid: c5849c44a89984d4089cae747373d4f3, type: 3}
      propertyPath: m_Materials.Array.data[0]
      value: 
      objectReference: {fileID: 2100000, guid: 44847b2fbba26a94dad631975f173a9c, type: 2}
    m_RemovedComponents: []
  m_SourcePrefab: {fileID: 100100000, guid: c5849c44a89984d4089cae747373d4f3, type: 3}
--- !u!1 &6518273690344365486 stripped
GameObject:
  m_CorrespondingSourceObject: {fileID: 100000, guid: c5849c44a89984d4089cae747373d4f3,
    type: 3}
  m_PrefabInstance: {fileID: 6518273690344463118}
  m_PrefabAsset: {fileID: 0}
--- !u!4 &6518273690344849806 stripped
Transform:
  m_CorrespondingSourceObject: {fileID: 400000, guid: c5849c44a89984d4089cae747373d4f3,
    type: 3}
  m_PrefabInstance: {fileID: 6518273690344463118}
  m_PrefabAsset: {fileID: 0}
--- !u!23 &6518273690346619758 stripped
MeshRenderer:
  m_CorrespondingSourceObject: {fileID: 2300000, guid: c5849c44a89984d4089cae747373d4f3,
    type: 3}
  m_PrefabInstance: {fileID: 6518273690344463118}
  m_PrefabAsset: {fileID: 0}
